<collection>
<record xmlns="http://www.loc.gov/MARC21/slim" xmlns:xsi="http://www.w3.org/2001/XMLSchema-instance" xsi:schemaLocation="http://www.loc.gov/MARC21/slim http://www.loc.gov/standards/marcxml/schema/MARC21slim.xsd">
<leader>00000cam a22      a 4500</leader>
<controlfield tag="FMT">BK</controlfield>
<controlfield tag="LDR">00000cam a22      a 4500</controlfield>
<controlfield tag="001">006203558</controlfield>
<controlfield tag="005">20180709133112.0</controlfield>
<controlfield tag="008">180605s1987    au       b    001 0 ger</controlfield>
<datafield tag="010" ind1=" " ind2=" ">
<subfield code="a">   92246916</subfield>
</datafield>
<datafield tag="015" ind1=" " ind2=" ">
<subfield code="a">88,A21,0965</subfield>
<subfield code="2">dnb</subfield>
</datafield>
<datafield tag="016" ind1="7" ind2=" ">
<subfield code="a">880539143</subfield>
<subfield code="2">DE-101</subfield>
</datafield>
<datafield tag="020" ind1=" " ind2=" ">
<subfield code="a">3700107552</subfield>
</datafield>
<datafield tag="020" ind1=" " ind2=" ">
<subfield code="a">9783700107552</subfield>
</datafield>
<datafield tag="035" ind1=" " ind2=" ">
<subfield code="a">(OCoLC)18063395</subfield>
<subfield code="z">(OCoLC)220645745</subfield>
<subfield code="z">(OCoLC)948514922</subfield>
</datafield>
<datafield tag="040" ind1=" " ind2=" ">
<subfield code="a">DLC</subfield>
<subfield code="b">eng</subfield>
<subfield code="c">DLC</subfield>
<subfield code="d">NLGGC</subfield>
<subfield code="d">HEBIS</subfield>
<subfield code="d">OCLCQ</subfield>
<subfield code="d">GBVCP</subfield>
<subfield code="d">OCLCF</subfield>
<subfield code="d">OCLCQ</subfield>
<subfield code="d">OCLCO</subfield>
<subfield code="d">DEBBG</subfield>
<subfield code="d">YDXCP</subfield>
<subfield code="d">OCLCQ</subfield>
<subfield code="d">OCLCA</subfield>
<subfield code="d">DHA</subfield>
<subfield code="d">OCLCQ</subfield>
<subfield code="d">ZYU</subfield>
</datafield>
<datafield tag="041" ind1="0" ind2=" ">
<subfield code="a">ger</subfield>
<subfield code="a">per</subfield>
</datafield>
<datafield tag="043" ind1=" " ind2=" ">
<subfield code="a">a-ir---</subfield>
</datafield>
<datafield tag="050" ind1="0" ind2="0">
<subfield code="a">AS142</subfield>
<subfield code="b">.V31 Bd. 465</subfield>
</datafield>
<datafield tag="082" ind1="0" ind2="0">
<subfield code="a">083/.1 s</subfield>
<subfield code="a">915.5/0014</subfield>
<subfield code="2">21</subfield>
</datafield>
<datafield tag="084" ind1=" " ind2=" ">
<subfield code="a">18.66</subfield>
<subfield code="2">bcl</subfield>
</datafield>
<datafield tag="084" ind1=" " ind2=" ">
<subfield code="a">6,23</subfield>
<subfield code="2">ssgn</subfield>
</datafield>
<datafield tag="084" ind1=" " ind2=" ">
<subfield code="a">AX 20100</subfield>
<subfield code="2">rvk</subfield>
</datafield>
<datafield tag="084" ind1=" " ind2=" ">
<subfield code="a">EV 2380</subfield>
<subfield code="2">rvk</subfield>
</datafield>
<datafield tag="084" ind1=" " ind2=" ">
<subfield code="a">EV 715</subfield>
<subfield code="2">rvk</subfield>
</datafield>
<datafield tag="090" ind1=" " ind2=" ">
<subfield code="a">DS254.8</subfield>
<subfield code="b">.E55 1987</subfield>
</datafield>
<datafield tag="100" ind1="1" ind2=" ">
<subfield code="a">Eilers, Wilhelm.</subfield>
</datafield>
<datafield tag="245" ind1="1" ind2="0">
<subfield code="a">Iranische Ortsnamenstudien /</subfield>
<subfield code="c">von Wilhelm Eilers.</subfield>
</datafield>
<datafield tag="260" ind1=" " ind2=" ">
<subfield code="a">Wien :</subfield>
<subfield code="b">Verlag der &#214;sterreichischen Akademie der Wissenschaften,</subfield>
<subfield code="c">1987.</subfield>
</datafield>
<datafield tag="300" ind1=" " ind2=" ">
<subfield code="a">100 pages ;</subfield>
<subfield code="c">24 cm.</subfield>
</datafield>
<datafield tag="336" ind1=" " ind2=" ">
<subfield code="a">text</subfield>
<subfield code="b">txt</subfield>
<subfield code="2">rdacontent</subfield>
</datafield>
<datafield tag="337" ind1=" " ind2=" ">
<subfield code="a">unmediated</subfield>
<subfield code="b">n</subfield>
<subfield code="2">rdamedia</subfield>
</datafield>
<datafield tag="338" ind1=" " ind2=" ">
<subfield code="a">volume</subfield>
<subfield code="b">nc</subfield>
<subfield code="2">rdacarrier</subfield>
</datafield>
<datafield tag="490" ind1="1" ind2=" ">
<subfield code="a">Sitzungsberichte / &#214;sterreichische Akademie der Wissenschaften, Philosophisch-Historische Klasse ;</subfield>
<subfield code="v">465. Bd.</subfield>
</datafield>
<datafield tag="490" ind1="1" ind2=" ">
<subfield code="a">Ver&#246;ffentlichungen der Iranischen Kommission ;</subfield>
<subfield code="v">Nr. 15</subfield>
</datafield>
<datafield tag="546" ind1=" " ind2=" ">
<subfield code="a">In German and Persian.</subfield>
</datafield>
<datafield tag="504" ind1=" " ind2=" ">
<subfield code="a">Includes bibliographical references (pages 78-86) and indexes.</subfield>
</datafield>
<datafield tag="500" ind1=" " ind2=" ">
<subfield code="a">ISAW copy is from the library of Nina Garso&#239;an.</subfield>
<subfield code="5">NyNyUAW</subfield>
</datafield>
<datafield tag="650" ind1=" " ind2="0">
<subfield code="a">Names, Geographical</subfield>
<subfield code="z">Iran.</subfield>
</datafield>
<datafield tag="650" ind1=" " ind2="7">
<subfield code="a">Names, Geographical.</subfield>
<subfield code="2">fast</subfield>
<subfield code="0">(OCoLC)fst01032409</subfield>
</datafield>
<datafield tag="651" ind1=" " ind2="7">
<subfield code="a">Iran.</subfield>
<subfield code="2">fast</subfield>
<subfield code="0">(OCoLC)fst01204889</subfield>
</datafield>
<datafield tag="650" ind1="1" ind2="7">
<subfield code="a">Oudiraans.</subfield>
<subfield code="2">gtt</subfield>
</datafield>
<datafield tag="650" ind1="1" ind2="7">
<subfield code="a">Perzisch.</subfield>
<subfield code="2">gtt</subfield>
</datafield>
<datafield tag="650" ind1="1" ind2="7">
<subfield code="a">Plaatsnamen.</subfield>
<subfield code="2">gtt</subfield>
</datafield>
<datafield tag="650" ind1="0" ind2="7">
<subfield code="a">Geografischer Name.</subfield>
<subfield code="0">(DE-588)4130377-5</subfield>
<subfield code="2">gnd</subfield>
</datafield>
<datafield tag="650" ind1="0" ind2="7">
<subfield code="a">Geschichte.</subfield>
<subfield code="0">(DE-588)4020517-4</subfield>
<subfield code="2">gnd</subfield>
</datafield>
<datafield tag="650" ind1="0" ind2="7">
<subfield code="a">Iranische Sprachen.</subfield>
<subfield code="0">(DE-588)4034859-3</subfield>
<subfield code="2">gnd</subfield>
</datafield>
<datafield tag="650" ind1="0" ind2="7">
<subfield code="a">Ortsname.</subfield>
<subfield code="0">(DE-588)4043950-1</subfield>
<subfield code="2">gnd</subfield>
</datafield>
<datafield tag="650" ind1="0" ind2="7">
<subfield code="a">Persisch.</subfield>
<subfield code="0">(DE-588)4065403-5</subfield>
<subfield code="2">gnd</subfield>
</datafield>
<datafield tag="651" ind1=" " ind2="7">
<subfield code="a">Iran.</subfield>
<subfield code="0">(DE-588)4027653-3</subfield>
<subfield code="2">gnd</subfield>
</datafield>
<datafield tag="650" ind1="0" ind2="7">
<subfield code="a">Gebirge.</subfield>
<subfield code="2">swd</subfield>
</datafield>
<datafield tag="650" ind1="0" ind2="7">
<subfield code="a">Sonnenseite.</subfield>
<subfield code="2">swd</subfield>
</datafield>
<datafield tag="650" ind1="0" ind2="7">
<subfield code="a">Schattenseite.</subfield>
<subfield code="2">swd</subfield>
</datafield>
<datafield tag="650" ind1="0" ind2="7">
<subfield code="a">Pass &lt;Geographie&gt;</subfield>
<subfield code="2">swd</subfield>
</datafield>
<datafield tag="650" ind1="0" ind2="7">
<subfield code="a">Geographischer Name.</subfield>
<subfield code="2">swd</subfield>
</datafield>
<datafield tag="651" ind1=" " ind2="7">
<subfield code="a">Iran.</subfield>
<subfield code="2">swd</subfield>
</datafield>
<datafield tag="655" ind1=" " ind2="4">
<subfield code="a">Aufsatzsammlung.</subfield>
</datafield>
<datafield tag="700" ind1="1" ind2=" ">
<subfield code="a">Garso&#239;an, Nina G.,</subfield>
<subfield code="d">1923-</subfield>
<subfield code="e">former owner.</subfield>
<subfield code="5">NyNyUAW</subfield>
</datafield>
<datafield tag="740" ind1="0" ind2=" ">
<subfield code="a">Garso&#239;an Collection.</subfield>
<subfield code="5">NyNyUAW</subfield>
</datafield>
<datafield tag="776" ind1="0" ind2="8">
<subfield code="i">Online version:</subfield>
<subfield code="a">Eilers, Wilhelm.</subfield>
<subfield code="t">Iranische Ortsnamenstudien.</subfield>
<subfield code="d">Wien : Verlag der &#214;sterreichischen Akademie der Wissenschaften, 1987</subfield>
<subfield code="w">(OCoLC)776753570</subfield>
</datafield>
<datafield tag="830" ind1=" " ind2="0">
<subfield code="a">Sitzungsberichte (&#214;sterreichische Akademie der Wissenschaften. Philosophisch-Historische Klasse) ;</subfield>
<subfield code="v">465. Bd.</subfield>
</datafield>
<datafield tag="830" ind1=" " ind2="0">
<subfield code="a">Ver&#246;ffentlichungen der Iranischen Kommission ;</subfield>
<subfield code="v">Bd. 15.</subfield>
</datafield>
<datafield tag="OWN" ind1=" " ind2=" ">
<subfield code="a">GENERAL</subfield>
</datafield>
<datafield tag="AVA" ind1=" " ind2=" ">
<subfield code="a">NYU50</subfield>
<subfield code="b">NISAW</subfield>
<subfield code="c">Small Collection</subfield>
<subfield code="d">DS254.8 .E55 1987 Non-circulating</subfield>
<subfield code="e">available</subfield>
<subfield code="t">Available</subfield>
<subfield code="f">1</subfield>
<subfield code="g">0</subfield>
<subfield code="h">N</subfield>
<subfield code="i">0</subfield>
<subfield code="j">SMALL</subfield>
<subfield code="k">0</subfield>
</datafield>
</record>