<record xmlns="http://www.loc.gov/MARC21/slim" xmlns:xsi="http://www.w3.org/2001/XMLSchema-instance" xsi:schemaLocation="http://www.loc.gov/MARC21/slim http://www.loc.gov/standards/marcxml/schema/MARC21slim.xsd">
<leader>00000cam a22      i 4500</leader>
<controlfield tag="FMT">BK</controlfield>
<controlfield tag="LDR">00000cam a22      i 4500</controlfield>
<controlfield tag="001">006213691</controlfield>
<controlfield tag="005">20180622145239.0</controlfield>
<controlfield tag="008">180619t20152015be       b    001 0 fre c</controlfield>
<datafield tag="020" ind1=" " ind2=" ">
<subfield code="a">9782503550176</subfield>
<subfield code="q">(paperback)</subfield>
</datafield>
<datafield tag="020" ind1=" " ind2=" ">
<subfield code="a">2503550177</subfield>
<subfield code="q">(paperback)</subfield>
</datafield>
<datafield tag="035" ind1=" " ind2=" ">
<subfield code="a">(OCoLC)927101998</subfield>
<subfield code="z">(OCoLC)891609707</subfield>
<subfield code="z">(OCoLC)895625080</subfield>
</datafield>
<datafield tag="040" ind1=" " ind2=" ">
<subfield code="a">EQO</subfield>
<subfield code="b">eng</subfield>
<subfield code="e">rda</subfield>
<subfield code="c">EQO</subfield>
<subfield code="d">XII</subfield>
<subfield code="d">OCLCF</subfield>
<subfield code="d">YDXCP</subfield>
<subfield code="d">UBY</subfield>
<subfield code="d">S3O</subfield>
<subfield code="d">ERASA</subfield>
<subfield code="d">BTCTA</subfield>
<subfield code="d">AUXAM</subfield>
<subfield code="d">DHA</subfield>
<subfield code="d">BHA</subfield>
</datafield>
<datafield tag="041" ind1="1" ind2=" ">
<subfield code="a">fre</subfield>
<subfield code="h">syr</subfield>
<subfield code="h">grc</subfield>
</datafield>
<datafield tag="042" ind1=" " ind2=" ">
<subfield code="a">pcc</subfield>
</datafield>
<datafield tag="050" ind1=" " ind2="4">
<subfield code="a">BR65.T853</subfield>
<subfield code="b">A34 2015</subfield>
</datafield>
<datafield tag="082" ind1="0" ind2="4">
<subfield code="a">270.2</subfield>
<subfield code="2">23</subfield>
</datafield>
<datafield tag="084" ind1=" " ind2=" ">
<subfield code="a">281.1</subfield>
</datafield>
<datafield tag="100" ind1="0" ind2=" ">
<subfield code="a">Titus,</subfield>
<subfield code="c">of Bostra, Bishop of Bostra,</subfield>
<subfield code="d">active approximately 362-378,</subfield>
<subfield code="e">author.</subfield>
</datafield>
<datafield tag="240" ind1="1" ind2="0">
<subfield code="a">Against the Manichees.</subfield>
<subfield code="l">French</subfield>
<subfield code="s">(Roman, Schmidt and Poirier)</subfield>
</datafield>
<datafield tag="245" ind1="1" ind2="0">
<subfield code="a">Contre les manich&#233;ens /</subfield>
<subfield code="c">Titus de Bostra ; introduction, traduction, notes et index par Agathe Roman, Thomas S. Schmidt, Paul-Hubert Poirier.</subfield>
</datafield>
<datafield tag="264" ind1=" " ind2="1">
<subfield code="a">Turnhout, Belgium :</subfield>
<subfield code="b">Brepols,</subfield>
<subfield code="c">[2015]</subfield>
</datafield>
<datafield tag="264" ind1=" " ind2="4">
<subfield code="c">&#169;2015</subfield>
</datafield>
<datafield tag="300" ind1=" " ind2=" ">
<subfield code="a">483 pages ;</subfield>
<subfield code="c">21 cm</subfield>
</datafield>
<datafield tag="336" ind1=" " ind2=" ">
<subfield code="a">text</subfield>
<subfield code="2">rdacontent</subfield>
</datafield>
<datafield tag="337" ind1=" " ind2=" ">
<subfield code="a">unmediated</subfield>
<subfield code="2">rdamedia</subfield>
</datafield>
<datafield tag="338" ind1=" " ind2=" ">
<subfield code="a">volume</subfield>
<subfield code="2">rdacarrier</subfield>
</datafield>
<datafield tag="490" ind1="1" ind2=" ">
<subfield code="a">Corpus Christianorum in translation ;</subfield>
<subfield code="v">21</subfield>
</datafield>
<datafield tag="490" ind1="1" ind2=" ">
<subfield code="a">Corpus Christianorum. Series Graeca ;</subfield>
<subfield code="v">82</subfield>
</datafield>
<datafield tag="546" ind1=" " ind2=" ">
<subfield code="a">The French translation of the Syriac text is printed on facing pages with the French translation of the Greek text. Introduction and notes in French.</subfield>
</datafield>
<datafield tag="500" ind1=" " ind2=" ">
<subfield code="a">French translations of the editions presented in the series Corpus Christianorum Series Graeca, volume 82 (2013), under the title: Titi Bostrensis Contra Manichaeos libri IV, Graece et Syriace.</subfield>
</datafield>
<datafield tag="500" ind1=" " ind2=" ">
<subfield code="a">The French translation of the Greek text was made by Agathe Roman and Thomas Schmidt; the French translation of the Syriac text was made by Paul-Hubert Poirier--see page 11.</subfield>
</datafield>
<datafield tag="504" ind1=" " ind2=" ">
<subfield code="a">Includes bibliographical references (pages 51-67) and indexes.</subfield>
</datafield>
<datafield tag="520" ind1=" " ind2=" ">
<subfield code="a">"R&#233;dig&#233; en 363-364, le trait&#233; Contre les manich&#233;ens de Titus de Bostra est la plus importante r&#233;futation chr&#233;tienne du manich&#233;isme. Elle se distingue par sa composition en deux volets (r&#233;futation rationnelle et r&#233;futation scripturaire) et par la richesse de sa documentation (on y d&#233;nombre quelque 150 &#171; citations manich&#233;ennes &#187;). Pr&#233;serv&#233; en grec aux deux-tiers et int&#233;gralement dans une version syriaque de la fin du IVe ou du d&#233;but du Ve si&#232;cle, cet ouvrage est d'une importance capitale pour l'histoire de la th&#233;ologie chr&#233;tienne ancienne et du manich&#233;isme. Ce volume offre une double traduction fran&#231;aise annot&#233;e du grec et du syriaque, la premi&#232;re dans une langue moderne, &#233;tablie sur une base philologique s&#251;re. L'&#233;dition critique gr&#233;co-syriaque et sa traduction fran&#231;aise permettent d&#233;sormais une nouvelle approche des sources manich&#233;ennes et de leur r&#233;futation. Le texte qui a servi de base &#224; cette traduction est celui qui a paru dans la Series Graeca du Corpus Christianorum comme Titus Bostrensis - Contra Manichaeos Libri IV (CCSG 82, 2013). Il s'agissait de la premi&#232;re &#233;dition critique synoptique int&#233;grale des textes grec et syriaque de cette oeuvre, accompagn&#233;e d'une &#233;dition critique des extraits pr&#233;serv&#233;s en grec dans les Sacra Parallela de Jean Damasc&#232;ne."--</subfield>
<subfield code="c">Back cover.</subfield>
</datafield>
<datafield tag="600" ind1="0" ind2="0">
<subfield code="a">Titus,</subfield>
<subfield code="c">of Bostra, Bishop of Bostra,</subfield>
<subfield code="d">active approximately 362-378.</subfield>
<subfield code="t">Against the Manichees.</subfield>
</datafield>
<datafield tag="630" ind1="0" ind2="7">
<subfield code="a">Against the Manichees (Titus, of Bostra, Bishop of Bostra)</subfield>
<subfield code="2">fast</subfield>
<subfield code="0">(OCoLC)fst01400500</subfield>
</datafield>
<datafield tag="650" ind1=" " ind2="0">
<subfield code="a">Manichaeism</subfield>
<subfield code="v">Early works to 1800.</subfield>
</datafield>
<datafield tag="651" ind1=" " ind2="7">
<subfield code="a">Bostra/Col. Nova Traiana Alexandriana.</subfield>
<subfield code="2">pleiades</subfield>
<subfield code="0">https://pleiades.stoa.org/places/678073</subfield>
<subfield code="5">NyNyUAW</subfield>
</datafield>
<datafield tag="650" ind1=" " ind2="7">
<subfield code="a">Manichaeism.</subfield>
<subfield code="2">fast</subfield>
<subfield code="0">(OCoLC)fst01007716</subfield>
</datafield>
<datafield tag="655" ind1=" " ind2="7">
<subfield code="a">Early works.</subfield>
<subfield code="2">fast</subfield>
<subfield code="0">(OCoLC)fst01411636</subfield>
</datafield>
<datafield tag="700" ind1="0" ind2=" ">
<subfield code="i">Translation of:</subfield>
<subfield code="a">Titus,</subfield>
<subfield code="c">of Bostra, Bishop of Bostra,</subfield>
<subfield code="d">active approximately 362-378.</subfield>
<subfield code="t">Against the Manichees.</subfield>
<subfield code="l">Greek</subfield>
<subfield code="s">(Roman and Schmidt)</subfield>
</datafield>
<datafield tag="700" ind1="0" ind2=" ">
<subfield code="i">Translation of:</subfield>
<subfield code="a">Titus,</subfield>
<subfield code="c">of Bostra, Bishop of Bostra,</subfield>
<subfield code="d">active approximately 362-378.</subfield>
<subfield code="t">Against the Manichees.</subfield>
<subfield code="l">Syriac</subfield>
<subfield code="s">(Poirier and Cr&#233;gheur)</subfield>
</datafield>
<datafield tag="700" ind1="1" ind2=" ">
<subfield code="a">Roman, Agathe,</subfield>
<subfield code="d">1976-</subfield>
<subfield code="e">translator.</subfield>
</datafield>
<datafield tag="700" ind1="1" ind2=" ">
<subfield code="a">Schmidt, Thomas S.,</subfield>
<subfield code="e">translator.</subfield>
</datafield>
<datafield tag="700" ind1="1" ind2=" ">
<subfield code="a">Poirier, Paul-Hubert,</subfield>
<subfield code="e">translator.</subfield>
</datafield>
<datafield tag="830" ind1=" " ind2="0">
<subfield code="a">Corpus Christianorum in translation ;</subfield>
<subfield code="v">21.</subfield>
</datafield>
<datafield tag="830" ind1=" " ind2="0">
<subfield code="a">Corpus Christianorum.</subfield>
<subfield code="p">Series Graeca ;</subfield>
<subfield code="v">82.</subfield>
</datafield>
<datafield tag="OWN" ind1=" " ind2=" ">
<subfield code="a">GENERAL</subfield>
</datafield>
<datafield tag="AVA" ind1=" " ind2=" ">
<subfield code="a">NYU50</subfield>
<subfield code="b">NISAW</subfield>
<subfield code="c">Small Collection</subfield>
<subfield code="d">BR65.T853 A34 2015 Non-circulating</subfield>
<subfield code="e">available</subfield>
<subfield code="t">Available</subfield>
<subfield code="f">1</subfield>
<subfield code="g">0</subfield>
<subfield code="h">N</subfield>
<subfield code="i">0</subfield>
<subfield code="j">SMALL</subfield>
<subfield code="k">0</subfield>
</datafield>
</record>