<record xmlns="http://www.loc.gov/MARC21/slim" xmlns:xsi="http://www.w3.org/2001/XMLSchema-instance" xsi:schemaLocation="http://www.loc.gov/MARC21/slim http://www.loc.gov/standards/marcxml/schema/MARC21slim.xsd">
<leader>00000cam a22004811a 4500</leader>
<controlfield tag="FMT">BK</controlfield>
<controlfield tag="LDR">00000cam a22004811a 4500</controlfield>
<controlfield tag="001">002274895</controlfield>
<controlfield tag="003">OCoLC</controlfield>
<controlfield tag="005">20180531110944.0</controlfield>
<controlfield tag="008">781026r19631899be ch         001 0 fre</controlfield>
<datafield tag="010" ind1=" " ind2=" ">
<subfield code="a">66054429</subfield>
</datafield>
<datafield tag="035" ind1=" " ind2=" ">
<subfield code="a">(OCoLC)4321714</subfield>
</datafield>
<datafield tag="040" ind1=" " ind2=" ">
<subfield code="a">DLC</subfield>
<subfield code="b">eng</subfield>
<subfield code="c">ZYU</subfield>
<subfield code="d">DLC</subfield>
<subfield code="d">LVB</subfield>
<subfield code="d">CUI</subfield>
<subfield code="d">ZWZ</subfield>
<subfield code="d">OCLCF</subfield>
<subfield code="d">HUC</subfield>
<subfield code="d">DHA</subfield>
<subfield code="d">ZYU</subfield>
</datafield>
<datafield tag="041" ind1="1" ind2=" ">
<subfield code="a">fre</subfield>
<subfield code="a">syc</subfield>
<subfield code="h">syc</subfield>
</datafield>
<datafield tag="050" ind1="0" ind2="0">
<subfield code="a">BR161</subfield>
<subfield code="b">.M525</subfield>
</datafield>
<datafield tag="079" ind1=" " ind2=" ">
<subfield code="a">(OCoLC)4321714</subfield>
</datafield>
<datafield tag="084" ind1=" " ind2=" ">
<subfield code="a">281.63</subfield>
</datafield>
<datafield tag="100" ind1="0" ind2=" ">
<subfield code="a">Michael</subfield>
<subfield code="b">I,</subfield>
<subfield code="c">the Syrian, Syrian Orthodox Patriarch of Antioch,</subfield>
<subfield code="d">1126-1199.</subfield>
</datafield>
<datafield tag="240" ind1="1" ind2="0">
<subfield code="a">Maktb&#257;n&#250;t zabne.</subfield>
<subfield code="l">Syriac and French</subfield>
</datafield>
<datafield tag="245" ind1="1" ind2="0">
<subfield code="a">Chronique de Michel le Syrien, Patriarche Jacobite d'Antioche (1166-1199) /</subfield>
<subfield code="c">&#233;dit&#233;e pour la premi&#232;re fois et traduite en fran&#231;ais par J.-B. Chabot.</subfield>
</datafield>
<datafield tag="260" ind1=" " ind2=" ">
<subfield code="a">Bruxelles :</subfield>
<subfield code="b">Culture et Civilisation,</subfield>
<subfield code="c">1963.</subfield>
</datafield>
<datafield tag="300" ind1=" " ind2=" ">
<subfield code="a">4 v. :</subfield>
<subfield code="b">facsims., geneal. tables ;</subfield>
<subfield code="c">29 cm.</subfield>
</datafield>
<datafield tag="336" ind1=" " ind2=" ">
<subfield code="a">text</subfield>
<subfield code="b">txt</subfield>
<subfield code="2">rdacontent</subfield>
</datafield>
<datafield tag="337" ind1=" " ind2=" ">
<subfield code="a">unmediated</subfield>
<subfield code="b">n</subfield>
<subfield code="2">rdamedia</subfield>
</datafield>
<datafield tag="338" ind1=" " ind2=" ">
<subfield code="a">volume</subfield>
<subfield code="b">nc</subfield>
<subfield code="2">rdacarrier</subfield>
</datafield>
<datafield tag="583" ind1="1" ind2=" ">
<subfield code="a">committed to retain</subfield>
<subfield code="c">20160630</subfield>
<subfield code="d">20310630</subfield>
<subfield code="f">EAST</subfield>
<subfield code="h">Elmer Holmes Bobst Library</subfield>
<subfield code="z">This title retained by New York University Libraries on behalf of the Eastern Academic Scholars Trust (EAST)</subfield>
<subfield code="5">NNU</subfield>
</datafield>
<datafield tag="500" ind1=" " ind2=" ">
<subfield code="a">ISAW copy (t. 4) is from the library of Nina Garso&#239;an.</subfield>
<subfield code="5">NyNyUAW</subfield>
</datafield>
<datafield tag="501" ind1=" " ind2=" ">
<subfield code="a">Photographic reproduction of original ed. published in Paris, 1899-1910.</subfield>
</datafield>
<datafield tag="505" ind1="2" ind2=" ">
<subfield code="a">V. 4. Text in Syriac.</subfield>
</datafield>
<datafield tag="610" ind1="2" ind2="0">
<subfield code="a">Syrian Orthodox Church</subfield>
<subfield code="x">History.</subfield>
</datafield>
<datafield tag="650" ind1=" " ind2="0">
<subfield code="a">Church history</subfield>
<subfield code="y">Middle Ages, 600-1500.</subfield>
</datafield>
<datafield tag="650" ind1=" " ind2="0">
<subfield code="a">Syriac language</subfield>
<subfield code="v">Texts.</subfield>
</datafield>
<datafield tag="650" ind1=" " ind2="6">
<subfield code="a">Histoire universelle</subfield>
<subfield code="v">Ouvrages avant 1800.</subfield>
</datafield>
<datafield tag="650" ind1=" " ind2="6">
<subfield code="a">Syriaque (Langue)</subfield>
<subfield code="v">Textes.</subfield>
</datafield>
<datafield tag="650" ind1=" " ind2="7">
<subfield code="a">&#201;glise</subfield>
<subfield code="x">Histoire.</subfield>
<subfield code="2">ram</subfield>
</datafield>
<datafield tag="650" ind1=" " ind2="7">
<subfield code="a">&#201;glise assyro-chald&#233;enne.</subfield>
<subfield code="2">ram</subfield>
</datafield>
<datafield tag="648" ind1=" " ind2="7">
<subfield code="a">600-1500.</subfield>
<subfield code="2">fast</subfield>
</datafield>
<datafield tag="655" ind1=" " ind2="7">
<subfield code="a">History.</subfield>
<subfield code="2">fast</subfield>
<subfield code="0">(OCoLC)fst01411628</subfield>
</datafield>
<datafield tag="600" ind1="1" ind2=" ">
<subfield code="a">Chabot, Jean Baptiste,</subfield>
<subfield code="d">1860-1948,</subfield>
<subfield code="e">editor,</subfield>
<subfield code="e">translator.</subfield>
</datafield>
<datafield tag="700" ind1="1" ind2=" ">
<subfield code="a">Garso&#239;an, Nina G.,</subfield>
<subfield code="d">1923-</subfield>
<subfield code="e">former owner.</subfield>
<subfield code="5">NyNyUAW</subfield>
</datafield>
<datafield tag="740" ind1="0" ind2=" ">
<subfield code="a">Garso&#239;an Collection.</subfield>
<subfield code="5">NyNyUAW</subfield>
</datafield>
<datafield tag="776" ind1="0" ind2="8">
<subfield code="i">Online version:</subfield>
<subfield code="a">Michael I, the Syrian, Patriarch of Antioch, 1126-1199.</subfield>
<subfield code="t">Chronique de Michel le Syrien.</subfield>
<subfield code="d">Bruxelles: Culture et Civilisation, 1963</subfield>
<subfield code="w">(OCoLC)564544335</subfield>
</datafield>
<datafield tag="OWN" ind1=" " ind2=" ">
<subfield code="a">GENERAL</subfield>
</datafield>
<datafield tag="950" ind1=" " ind2=" ">
<subfield code="l">BStack</subfield>
<subfield code="a">BR161</subfield>
<subfield code="b">.M525</subfield>
<subfield code="i">01/01/01 N</subfield>
<subfield code="x">1</subfield>
</datafield>
<datafield tag="AVA" ind1=" " ind2=" ">
<subfield code="a">NYU50</subfield>
<subfield code="b">BOBST</subfield>
<subfield code="c">Main Collection</subfield>
<subfield code="d">BR161 .M525</subfield>
<subfield code="e">available</subfield>
<subfield code="t">Available</subfield>
<subfield code="f">4</subfield>
<subfield code="g">0</subfield>
<subfield code="h">Y</subfield>
<subfield code="i">11</subfield>
<subfield code="j">MAIN</subfield>
<subfield code="k">0</subfield>
</datafield>
<datafield tag="AVA" ind1=" " ind2=" ">
<subfield code="a">NYU50</subfield>
<subfield code="b">NISAW</subfield>
<subfield code="c">Large Collection</subfield>
<subfield code="d">BR161 .M525 1963 Non-circulating</subfield>
<subfield code="e">available</subfield>
<subfield code="t">Available</subfield>
<subfield code="f">4</subfield>
<subfield code="g">0</subfield>
<subfield code="h">Y</subfield>
<subfield code="i">0</subfield>
<subfield code="j">LARGE</subfield>
<subfield code="k">0</subfield>
</datafield>
</record>