<record xmlns="http://www.loc.gov/MARC21/slim" xmlns:xsi="http://www.w3.org/2001/XMLSchema-instance" xsi:schemaLocation="http://www.loc.gov/MARC21/slim http://www.loc.gov/standards/marcxml/schema/MARC21slim.xsd">
<leader>00000cam a22      a 4500</leader>
<controlfield tag="FMT">BK</controlfield>
<controlfield tag="LDR">00000cam a22      a 4500</controlfield>
<controlfield tag="001">006213681</controlfield>
<controlfield tag="005">20180619151057.0</controlfield>
<controlfield tag="008">180619s2009    njua     b    001 0 eng</controlfield>
<datafield tag="010" ind1=" " ind2=" ">
<subfield code="a">  2009039048</subfield>
</datafield>
<datafield tag="020" ind1=" " ind2=" ">
<subfield code="a">9781607246183</subfield>
</datafield>
<datafield tag="020" ind1=" " ind2=" ">
<subfield code="a">160724618X</subfield>
</datafield>
<datafield tag="035" ind1=" " ind2=" ">
<subfield code="a">(OCoLC)438056260</subfield>
</datafield>
<datafield tag="040" ind1=" " ind2=" ">
<subfield code="a">DLC</subfield>
<subfield code="b">eng</subfield>
<subfield code="c">DLC</subfield>
<subfield code="d">YDX</subfield>
<subfield code="d">YDXCP</subfield>
<subfield code="d">IG#</subfield>
<subfield code="d">OCLCO</subfield>
<subfield code="d">OCLCQ</subfield>
<subfield code="d">OCLCF</subfield>
<subfield code="d">ZYU</subfield>
</datafield>
<datafield tag="050" ind1="0" ind2="0">
<subfield code="a">BR195.P74</subfield>
<subfield code="b">H86 2009</subfield>
</datafield>
<datafield tag="082" ind1="0" ind2="0">
<subfield code="a">234/.13</subfield>
<subfield code="2">22</subfield>
</datafield>
<datafield tag="100" ind1="1" ind2=" ">
<subfield code="a">Humm, Alan.</subfield>
</datafield>
<datafield tag="245" ind1="1" ind2="0">
<subfield code="a">Psychology of prophecy in early Christianity :</subfield>
<subfield code="b">prophetism and religious altered states of consciousness /</subfield>
<subfield code="c">Alan Humm.</subfield>
</datafield>
<datafield tag="260" ind1=" " ind2=" ">
<subfield code="a">Piscataway, NJ :</subfield>
<subfield code="b">Gorgias Press,</subfield>
<subfield code="c">2009.</subfield>
</datafield>
<datafield tag="300" ind1=" " ind2=" ">
<subfield code="a">275</subfield>
<subfield code="b">illustrations ;</subfield>
<subfield code="c">24 cm</subfield>
</datafield>
<datafield tag="336" ind1=" " ind2=" ">
<subfield code="a">text</subfield>
<subfield code="b">txt</subfield>
<subfield code="2">rdacontent</subfield>
</datafield>
<datafield tag="337" ind1=" " ind2=" ">
<subfield code="a">unmediated</subfield>
<subfield code="b">n</subfield>
<subfield code="2">rdamedia</subfield>
</datafield>
<datafield tag="338" ind1=" " ind2=" ">
<subfield code="a">volume</subfield>
<subfield code="b">nc</subfield>
<subfield code="2">rdacarrier</subfield>
</datafield>
<datafield tag="504" ind1=" " ind2=" ">
<subfield code="a">Includes bibliographical references and index.</subfield>
</datafield>
<datafield tag="505" ind1="0" ind2=" ">
<subfield code="a">Introduction: The problem(s) -- Category systems -- Traditional categories -- Sociological categories -- Psychological categories -- Ancient terminology -- Hellenistic Greek terminology -- Hellenistic Jewish terminology -- Early Christianity -- The post-apostolic age -- From about 80 to 150 CE -- From about 150 to 200 CE -- The proto-unorthodox -- Proto-Orthodox -- The new prophecy -- Later third century -- Decline -- Psychology of prophecy -- Charting the seas -- Reflections and prognostications.</subfield>
</datafield>
<datafield tag="500" ind1=" " ind2=" ">
<subfield code="a">ISAW copy is from the library of Robert A. Kraft.</subfield>
<subfield code="5">NyNyUAW</subfield>
</datafield>
<datafield tag="650" ind1=" " ind2="0">
<subfield code="a">Prophecy</subfield>
<subfield code="x">Christianity</subfield>
<subfield code="x">History of doctrines</subfield>
<subfield code="y">Early church, ca. 30-600.</subfield>
</datafield>
<datafield tag="650" ind1=" " ind2="0">
<subfield code="a">Psychology, Religious.</subfield>
</datafield>
<datafield tag="650" ind1=" " ind2="0">
<subfield code="a">Altered states of consciousness</subfield>
<subfield code="x">Religious aspects.</subfield>
</datafield>
<datafield tag="650" ind1=" " ind2="0">
<subfield code="a">Church history</subfield>
<subfield code="y">Primitive and early church, ca. 30-600.</subfield>
</datafield>
<datafield tag="650" ind1=" " ind2="7">
<subfield code="a">Altered states of consciousness</subfield>
<subfield code="x">Religious aspects.</subfield>
<subfield code="2">fast</subfield>
<subfield code="0">(OCoLC)fst00806118</subfield>
</datafield>
<datafield tag="650" ind1=" " ind2="7">
<subfield code="a">Church history</subfield>
<subfield code="x">Primitive and early church.</subfield>
<subfield code="2">fast</subfield>
<subfield code="0">(OCoLC)fst01710945</subfield>
</datafield>
<datafield tag="650" ind1=" " ind2="7">
<subfield code="a">Psychology, Religious.</subfield>
<subfield code="2">fast</subfield>
<subfield code="0">(OCoLC)fst01081630</subfield>
</datafield>
<datafield tag="648" ind1=" " ind2="7">
<subfield code="a">30-600.</subfield>
<subfield code="2">fast</subfield>
</datafield>
<datafield tag="700" ind1="1" ind2=" ">
<subfield code="a">Kraft, Robert A.,</subfield>
<subfield code="e">former owner.</subfield>
<subfield code="5">NyNyUAW</subfield>
</datafield>
<datafield tag="OWN" ind1=" " ind2=" ">
<subfield code="a">GENERAL</subfield>
</datafield>
<datafield tag="AVA" ind1=" " ind2=" ">
<subfield code="a">NYU50</subfield>
<subfield code="b">NISAW</subfield>
<subfield code="c">Small Collection</subfield>
<subfield code="d">BR195.P74 H86 2009</subfield>
<subfield code="e">unavailable</subfield>
<subfield code="t">Unavailable</subfield>
<subfield code="f">1</subfield>
<subfield code="g">1</subfield>
<subfield code="h">N</subfield>
<subfield code="i">0</subfield>
<subfield code="j">SMALL</subfield>
<subfield code="k">0</subfield>
</datafield>
</record>