<record xmlns="http://www.loc.gov/MARC21/slim" xmlns:xsi="http://www.w3.org/2001/XMLSchema-instance" xsi:schemaLocation="http://www.loc.gov/MARC21/slim http://www.loc.gov/standards/marcxml/schema/MARC21slim.xsd">
<leader>00000cam a2201189 a 4500</leader>
<controlfield tag="FMT">BK</controlfield>
<controlfield tag="LDR">00000cam a2201189 a 4500</controlfield>
<controlfield tag="001">002433504</controlfield>
<controlfield tag="003">OCoLC</controlfield>
<controlfield tag="005">20180621112908.0</controlfield>
<controlfield tag="008">730820m19749999miu      bd   000 0 eng</controlfield>
<datafield tag="010" ind1=" " ind2=" ">
<subfield code="a">73076170</subfield>
<subfield code="z">77154505</subfield>
</datafield>
<datafield tag="016" ind1="7" ind2=" ">
<subfield code="a">012322926</subfield>
<subfield code="2">Uk</subfield>
</datafield>
<datafield tag="020" ind1=" " ind2=" ">
<subfield code="a">0802823386</subfield>
<subfield code="q">(set)</subfield>
</datafield>
<datafield tag="020" ind1=" " ind2=" ">
<subfield code="a">9780802823380</subfield>
<subfield code="q">(set)</subfield>
</datafield>
<datafield tag="020" ind1=" " ind2=" ">
<subfield code="a">0802823254</subfield>
</datafield>
<datafield tag="020" ind1=" " ind2=" ">
<subfield code="a">9780802823250</subfield>
</datafield>
<datafield tag="020" ind1=" " ind2=" ">
<subfield code="a">0802823262</subfield>
</datafield>
<datafield tag="020" ind1=" " ind2=" ">
<subfield code="a">9780802823267</subfield>
</datafield>
<datafield tag="020" ind1=" " ind2=" ">
<subfield code="a">0802823270</subfield>
</datafield>
<datafield tag="020" ind1=" " ind2=" ">
<subfield code="a">9780802823274</subfield>
</datafield>
<datafield tag="020" ind1=" " ind2=" ">
<subfield code="a">0802823289</subfield>
</datafield>
<datafield tag="020" ind1=" " ind2=" ">
<subfield code="a">9780802823281</subfield>
</datafield>
<datafield tag="020" ind1=" " ind2=" ">
<subfield code="a">0802823297</subfield>
</datafield>
<datafield tag="020" ind1=" " ind2=" ">
<subfield code="a">9780802823298</subfield>
</datafield>
<datafield tag="020" ind1=" " ind2=" ">
<subfield code="a">0802823300</subfield>
</datafield>
<datafield tag="020" ind1=" " ind2=" ">
<subfield code="a">9780802823304</subfield>
</datafield>
<datafield tag="020" ind1=" " ind2=" ">
<subfield code="a">0802823319</subfield>
</datafield>
<datafield tag="020" ind1=" " ind2=" ">
<subfield code="a">9780802823311</subfield>
</datafield>
<datafield tag="020" ind1=" " ind2=" ">
<subfield code="a">0802823327</subfield>
</datafield>
<datafield tag="020" ind1=" " ind2=" ">
<subfield code="a">9780802823328</subfield>
</datafield>
<datafield tag="020" ind1=" " ind2=" ">
<subfield code="a">0802823335</subfield>
</datafield>
<datafield tag="020" ind1=" " ind2=" ">
<subfield code="a">9780802823335</subfield>
</datafield>
<datafield tag="020" ind1=" " ind2=" ">
<subfield code="a">0802823343</subfield>
</datafield>
<datafield tag="020" ind1=" " ind2=" ">
<subfield code="a">9780802823342</subfield>
</datafield>
<datafield tag="020" ind1=" " ind2=" ">
<subfield code="a">0802823351</subfield>
</datafield>
<datafield tag="020" ind1=" " ind2=" ">
<subfield code="a">9780802823359</subfield>
</datafield>
<datafield tag="020" ind1=" " ind2=" ">
<subfield code="a">0802873065</subfield>
</datafield>
<datafield tag="020" ind1=" " ind2=" ">
<subfield code="a">9780802873064</subfield>
</datafield>
<datafield tag="020" ind1=" " ind2=" ">
<subfield code="a">0802823378</subfield>
</datafield>
<datafield tag="020" ind1=" " ind2=" ">
<subfield code="a">9780802823373</subfield>
</datafield>
<datafield tag="020" ind1=" " ind2=" ">
<subfield code="a">080282336X</subfield>
</datafield>
<datafield tag="020" ind1=" " ind2=" ">
<subfield code="a">9780802823366</subfield>
</datafield>
<datafield tag="020" ind1=" " ind2=" ">
<subfield code="a">0802823459</subfield>
</datafield>
<datafield tag="020" ind1=" " ind2=" ">
<subfield code="a">9780802823458</subfield>
</datafield>
<datafield tag="020" ind1=" " ind2=" ">
<subfield code="a">0802823394</subfield>
</datafield>
<datafield tag="020" ind1=" " ind2=" ">
<subfield code="a">9780802823397</subfield>
</datafield>
<datafield tag="035" ind1=" " ind2=" ">
<subfield code="a">(OCoLC)700991</subfield>
<subfield code="z">(OCoLC)3108916</subfield>
<subfield code="z">(OCoLC)3370073</subfield>
<subfield code="z">(OCoLC)17521020</subfield>
<subfield code="z">(OCoLC)503630023</subfield>
<subfield code="z">(OCoLC)706609321</subfield>
<subfield code="z">(OCoLC)961650293</subfield>
<subfield code="z">(OCoLC)962707267</subfield>
<subfield code="z">(OCoLC)1026432230</subfield>
</datafield>
<datafield tag="037" ind1=" " ind2=" ">
<subfield code="c">$18.50 (v. 1)</subfield>
</datafield>
<datafield tag="040" ind1=" " ind2=" ">
<subfield code="a">DLC</subfield>
<subfield code="b">eng</subfield>
<subfield code="c">DLC</subfield>
<subfield code="d">BAKER</subfield>
<subfield code="d">BTCTA</subfield>
<subfield code="d">YDXCP</subfield>
<subfield code="d">LVB</subfield>
<subfield code="d">UAB</subfield>
<subfield code="d">CFT</subfield>
<subfield code="d">LTU</subfield>
<subfield code="d">KIJ</subfield>
<subfield code="d">UBY</subfield>
<subfield code="d">UKMGB</subfield>
<subfield code="d">SBM</subfield>
<subfield code="d">SJT</subfield>
<subfield code="d">OCLCF</subfield>
<subfield code="d">AUTTC</subfield>
<subfield code="d">RCT</subfield>
<subfield code="d">XII</subfield>
<subfield code="d">CDN</subfield>
<subfield code="d">BDX</subfield>
<subfield code="d">MNA</subfield>
<subfield code="d">OCLCO</subfield>
<subfield code="d">OCLCQ</subfield>
<subfield code="d">OCLCO</subfield>
<subfield code="d">KTS</subfield>
<subfield code="d">XFF</subfield>
<subfield code="d">PAU</subfield>
<subfield code="d">EPT</subfield>
<subfield code="d">CNUTO</subfield>
<subfield code="d">ERD</subfield>
<subfield code="d">CSB</subfield>
<subfield code="d">VGM</subfield>
<subfield code="d">QE2</subfield>
<subfield code="d">UEJ</subfield>
<subfield code="d">FSC</subfield>
<subfield code="d">MOR</subfield>
<subfield code="d">SFR</subfield>
<subfield code="d">CSA</subfield>
<subfield code="d">NQZ</subfield>
<subfield code="d">SAV</subfield>
<subfield code="d">FVY</subfield>
<subfield code="d">UX0</subfield>
<subfield code="d">FDS</subfield>
<subfield code="d">RC0</subfield>
<subfield code="d">NJR</subfield>
<subfield code="d">TYC</subfield>
<subfield code="d">RCE</subfield>
<subfield code="d">WY@</subfield>
<subfield code="d">ZEM</subfield>
<subfield code="d">DHA</subfield>
<subfield code="d">BUF</subfield>
<subfield code="d">OCLCQ</subfield>
<subfield code="d">LUE</subfield>
<subfield code="d">NMC</subfield>
<subfield code="d">OCLCQ</subfield>
<subfield code="d">ISN</subfield>
<subfield code="d">OL$-</subfield>
<subfield code="d">VTU</subfield>
<subfield code="d">NIU</subfield>
<subfield code="d">MBE</subfield>
<subfield code="d">C5U</subfield>
<subfield code="d">CNO</subfield>
<subfield code="d">OKR</subfield>
<subfield code="d">OCLCQ</subfield>
<subfield code="d">OCLCO</subfield>
<subfield code="d">CCH</subfield>
<subfield code="d">GZM</subfield>
<subfield code="d">OPT</subfield>
<subfield code="d">IOG</subfield>
<subfield code="d">MST</subfield>
<subfield code="d">UCW</subfield>
<subfield code="d">GILDS</subfield>
</datafield>
<datafield tag="041" ind1="1" ind2=" ">
<subfield code="a">eng</subfield>
<subfield code="h">ger</subfield>
</datafield>
<datafield tag="050" ind1="0" ind2="0">
<subfield code="a">BS440</subfield>
<subfield code="b">.B5713</subfield>
</datafield>
<datafield tag="079" ind1=" " ind2=" ">
<subfield code="a">(OCoLC)700991</subfield>
</datafield>
<datafield tag="082" ind1="0" ind2="0">
<subfield code="a">221.3</subfield>
</datafield>
<datafield tag="084" ind1=" " ind2=" ">
<subfield code="a">221.3</subfield>
<subfield code="2">23</subfield>
</datafield>
<datafield tag="100" ind1="1" ind2=" ">
<subfield code="a">Botterweck, G. Johannes.</subfield>
</datafield>
<datafield tag="240" ind1="1" ind2="0">
<subfield code="a">Theologisches W&#246;rterbuch zum Alten Testament.</subfield>
<subfield code="l">English</subfield>
</datafield>
<datafield tag="245" ind1="1" ind2="0">
<subfield code="a">Theological dictionary of the Old Testament /</subfield>
<subfield code="c">edited by G. Johannes Botterweck and Helmer Ringgren ; translated by John T. Willis.</subfield>
</datafield>
<datafield tag="260" ind1=" " ind2=" ">
<subfield code="a">Grand Rapids, Mich. :</subfield>
<subfield code="b">Eerdmans,</subfield>
<subfield code="c">1974-&lt;c2006&gt;</subfield>
</datafield>
<datafield tag="300" ind1=" " ind2=" ">
<subfield code="a">volumes &lt;1-15&gt; ;</subfield>
<subfield code="c">25 cm</subfield>
</datafield>
<datafield tag="336" ind1=" " ind2=" ">
<subfield code="a">text</subfield>
<subfield code="b">txt</subfield>
<subfield code="2">rdacontent</subfield>
</datafield>
<datafield tag="337" ind1=" " ind2=" ">
<subfield code="a">unmediated</subfield>
<subfield code="b">n</subfield>
<subfield code="2">rdamedia</subfield>
</datafield>
<datafield tag="338" ind1=" " ind2=" ">
<subfield code="a">volume</subfield>
<subfield code="b">nc</subfield>
<subfield code="2">rdacarrier</subfield>
</datafield>
<datafield tag="500" ind1=" " ind2=" ">
<subfield code="a">ISAW copy is from the library of Lawrence E. Stager.</subfield>
<subfield code="5">NyNyUAW</subfield>
</datafield>
<datafield tag="500" ind1=" " ind2=" ">
<subfield code="a">Translation of Theologisches W&#246;rterbuch zum Alten Testament.</subfield>
</datafield>
<datafield tag="500" ind1=" " ind2=" ">
<subfield code="a">Vols. 12-&lt;13&gt; edited by G. Johannes Botterweck, Helmer Ringgren and Heinz-Josef Fabry.</subfield>
</datafield>
<datafield tag="500" ind1=" " ind2=" ">
<subfield code="a">Vols. 4-7, 9, 11, 13, 15 translated by David E. Green; v. 8, 10, 12, 14 translated by Douglas W. Stott.</subfield>
</datafield>
<datafield tag="500" ind1=" " ind2=" ">
<subfield code="a">Includes rev. ed. of v. 1-2.</subfield>
</datafield>
<datafield tag="504" ind1=" " ind2=" ">
<subfield code="a">Includes bibliographical references.</subfield>
</datafield>
<datafield tag="505" ind1="0" ind2="0">
<subfield code="g">v. 1.</subfield>
<subfield code="t">'abh-badhadh --</subfield>
<subfield code="g">v. 2.</subfield>
<subfield code="t">bdl-galah --</subfield>
<subfield code="g">v. 3.</subfield>
<subfield code="t">gillulim-haras --</subfield>
<subfield code="g">v. 4.</subfield>
<subfield code="t">ze'ebh-hms --</subfield>
<subfield code="g">v. 5.</subfield>
<subfield code="t">hmr-YHWH --</subfield>
<subfield code="g">v. 6.</subfield>
<subfield code="t">yobel-yatar I --</subfield>
<subfield code="g">v. 7.</subfield>
<subfield code="t">k-*lys --</subfield>
<subfield code="g">v. 8.</subfield>
<subfield code="t">lakad-mor --</subfield>
<subfield code="g">v. 9.</subfield>
<subfield code="t">marad-naga --</subfield>
<subfield code="g">v. 10.</subfield>
<subfield code="t">naqam-azab --</subfield>
<subfield code="g">v. 11.</subfield>
<subfield code="t">'zz-panim --</subfield>
<subfield code="g">v. 12.</subfield>
<subfield code="t">pasah-qum --</subfield>
<subfield code="g">v. 13.</subfield>
<subfield code="t">q&#244;s-raq&#238;a' --</subfield>
<subfield code="g">v. 14.</subfield>
<subfield code="t">r&#257;&#353;&#7843;-&#353;&#257;k&#818;an --</subfield>
<subfield code="g">v. 15.</subfield>
<subfield code="t">&#353;&#257;k&#818;ar-tar&#353;&#238;&#353;.</subfield>
</datafield>
<datafield tag="546" ind1=" " ind2=" ">
<subfield code="a">Translation of Theologisches W&#246;rterbuch zum Alten Testament.</subfield>
</datafield>
<datafield tag="630" ind1="0" ind2="0">
<subfield code="a">Bible.</subfield>
<subfield code="p">Old Testament</subfield>
<subfield code="v">Dictionaries.</subfield>
<subfield code="l">Hebrew.</subfield>
</datafield>
<datafield tag="630" ind1="0" ind2="6">
<subfield code="a">Bible.</subfield>
<subfield code="p">A.T.</subfield>
<subfield code="v">Dictionnaires h&#233;bra&#239;ques.</subfield>
</datafield>
<datafield tag="630" ind1="0" ind2="7">
<subfield code="a">Bible.</subfield>
<subfield code="p">Old Testament.</subfield>
<subfield code="2">fast</subfield>
<subfield code="0">(OCoLC)fst01808092</subfield>
</datafield>
<datafield tag="630" ind1="0" ind2="4">
<subfield code="a">Bible.</subfield>
<subfield code="p">Old Testament.</subfield>
</datafield>
<datafield tag="630" ind1="0" ind2="4">
<subfield code="a">Bible.</subfield>
<subfield code="p">Old Testament.</subfield>
<subfield code="l">Hebrew.</subfield>
</datafield>
<datafield tag="650" ind1=" " ind2="0">
<subfield code="a">Hebrew language</subfield>
<subfield code="v">Dictionaries</subfield>
<subfield code="x">English.</subfield>
</datafield>
<datafield tag="650" ind1=" " ind2="6">
<subfield code="a">H&#233;breu (Langue)</subfield>
<subfield code="v">Dictionnaires anglais.</subfield>
</datafield>
<datafield tag="650" ind1=" " ind2="7">
<subfield code="a">Hebrew language.</subfield>
<subfield code="2">fast</subfield>
<subfield code="0">(OCoLC)fst00954191</subfield>
</datafield>
<datafield tag="650" ind1=" " ind2="2">
<subfield code="a">Juvenile Delinquency.</subfield>
</datafield>
<datafield tag="655" ind1=" " ind2="7">
<subfield code="a">Reference works.</subfield>
<subfield code="2">fast</subfield>
<subfield code="0">(OCoLC)fst01919963</subfield>
</datafield>
<datafield tag="655" ind1=" " ind2="7">
<subfield code="a">Dictionaries.</subfield>
<subfield code="2">fast</subfield>
<subfield code="0">(OCoLC)fst01423826</subfield>
</datafield>
<datafield tag="655" ind1=" " ind2="7">
<subfield code="a">Reference works.</subfield>
<subfield code="2">lcgft</subfield>
</datafield>
<datafield tag="700" ind1="1" ind2=" ">
<subfield code="a">Stager, Lawrence E.,</subfield>
<subfield code="e">former owner.</subfield>
<subfield code="5">NyNyUAW</subfield>
</datafield>
<datafield tag="740" ind1="0" ind2=" ">
<subfield code="a">Stager Collection.</subfield>
<subfield code="5">NyNyUAW</subfield>
</datafield>
<datafield tag="700" ind1="1" ind2=" ">
<subfield code="a">Ringgren, Helmer,</subfield>
<subfield code="d">1917-2012,</subfield>
<subfield code="e">author.</subfield>
</datafield>
<datafield tag="776" ind1="0" ind2="8">
<subfield code="i">Online version:</subfield>
<subfield code="a">Botterweck, G. Johannes.</subfield>
<subfield code="s">Theologisches W&#246;rterbuch zum Alten Testament. English.</subfield>
<subfield code="t">Theological dictionary of the Old Testament.</subfield>
<subfield code="d">Grand Rapids, Mich. : Eerdmans, 1974-&lt;c2006&gt;</subfield>
<subfield code="w">(OCoLC)656458841</subfield>
</datafield>
<datafield tag="880" ind1=" " ind2=" ">
<subfield code="6">863-00/</subfield>
<subfield code="8">1.1</subfield>
<subfield code="a">1</subfield>
<subfield code="p">0199702009341</subfield>
<subfield code="t">1</subfield>
<subfield code="z">&#1497;&#257;bh-b&#257;dh&#257;dh.</subfield>
</datafield>
<datafield tag="OWN" ind1=" " ind2=" ">
<subfield code="a">GENERAL</subfield>
</datafield>
<datafield tag="AVA" ind1=" " ind2=" ">
<subfield code="a">NYU50</subfield>
<subfield code="b">BOBST</subfield>
<subfield code="c">1st Floor Reference</subfield>
<subfield code="d">BS440 .B5713 Non-circulating</subfield>
<subfield code="e">check_holdings</subfield>
<subfield code="t">Check Holdings</subfield>
<subfield code="h">Y</subfield>
<subfield code="j">REF1</subfield>
<subfield code="k">0</subfield>
</datafield>
<datafield tag="AVA" ind1=" " ind2=" ">
<subfield code="a">NYU50</subfield>
<subfield code="b">NISAW</subfield>
<subfield code="c">Reference 4 Collection</subfield>
<subfield code="d">BS440 .B5713 Non-circulating</subfield>
<subfield code="e">available</subfield>
<subfield code="t">Available</subfield>
<subfield code="f">15</subfield>
<subfield code="g">0</subfield>
<subfield code="h">Y</subfield>
<subfield code="i">0</subfield>
<subfield code="j">REF4</subfield>
<subfield code="k">0</subfield>
</datafield>
</record>