<record xmlns="http://www.loc.gov/MARC21/slim" xmlns:xsi="http://www.w3.org/2001/XMLSchema-instance" xsi:schemaLocation="http://www.loc.gov/MARC21/slim http://www.loc.gov/standards/marcxml/schema/MARC21slim.xsd">
<leader>00000cam a22     I  4500</leader>
<controlfield tag="FMT">BK</controlfield>
<controlfield tag="LDR">00000cam a22     I  4500</controlfield>
<controlfield tag="001">006203561</controlfield>
<controlfield tag="005">20180709130448.0</controlfield>
<controlfield tag="008">180605s1921    nyube         000 0 eng d</controlfield>
<datafield tag="035" ind1=" " ind2=" ">
<subfield code="a">(OCoLC)236091524</subfield>
</datafield>
<datafield tag="040" ind1=" " ind2=" ">
<subfield code="a">HLS</subfield>
<subfield code="b">eng</subfield>
<subfield code="c">HLS</subfield>
<subfield code="d">OCLCO</subfield>
<subfield code="d">OCLCA</subfield>
<subfield code="d">OCLCQ</subfield>
<subfield code="d">ZYU</subfield>
</datafield>
<datafield tag="050" ind1=" " ind2="4">
<subfield code="a">BS895</subfield>
<subfield code="b">.K4 1921 vol. 2</subfield>
</datafield>
<datafield tag="130" ind1="0" ind2=" ">
<subfield code="a">Bible.</subfield>
<subfield code="p">Old Testament.</subfield>
<subfield code="l">English.</subfield>
<subfield code="k">Selections.</subfield>
<subfield code="f">1921.</subfield>
</datafield>
<datafield tag="245" ind1="1" ind2="0">
<subfield code="a">Israel's historical and biographical narratives :</subfield>
<subfield code="b">from the establishment of the Hebrew kingdom to the end of the Maccabean struggle /</subfield>
<subfield code="c">by Charles Foster Kent.</subfield>
</datafield>
<datafield tag="260" ind1=" " ind2=" ">
<subfield code="a">New York,</subfield>
<subfield code="b">Scribner,</subfield>
<subfield code="c">1921.</subfield>
</datafield>
<datafield tag="300" ind1=" " ind2=" ">
<subfield code="a">506</subfield>
<subfield code="b">maps, plans, tables,</subfield>
<subfield code="c">23 cm.</subfield>
</datafield>
<datafield tag="336" ind1=" " ind2=" ">
<subfield code="a">text</subfield>
<subfield code="b">txt</subfield>
<subfield code="2">rdacontent</subfield>
</datafield>
<datafield tag="337" ind1=" " ind2=" ">
<subfield code="a">unmediated</subfield>
<subfield code="b">n</subfield>
<subfield code="2">rdamedia</subfield>
</datafield>
<datafield tag="338" ind1=" " ind2=" ">
<subfield code="a">volume</subfield>
<subfield code="b">nc</subfield>
<subfield code="2">rdacarrier</subfield>
</datafield>
<datafield tag="490" ind1="1" ind2=" ">
<subfield code="a">The Student's Old Testament;</subfield>
<subfield code="v">[2]</subfield>
</datafield>
<datafield tag="500" ind1=" " ind2=" ">
<subfield code="a">ISAW copy is from the library of David I. Owen.</subfield>
<subfield code="5">NyNyUAW</subfield>
</datafield>
<datafield tag="630" ind1="0" ind2="0">
<subfield code="a">Bible.</subfield>
<subfield code="p">Old Testament</subfield>
<subfield code="x">History of Biblical events.</subfield>
</datafield>
<datafield tag="700" ind1="1" ind2=" ">
<subfield code="a">Kent, Charles Foster,</subfield>
<subfield code="d">1867-1925.</subfield>
</datafield>
<datafield tag="700" ind1="1" ind2=" ">
<subfield code="a">Owen, David I.,</subfield>
<subfield code="e">former owner.</subfield>
<subfield code="5">NyNyUAW</subfield>
</datafield>
<datafield tag="740" ind1="0" ind2=" ">
<subfield code="a">Owen Collection.</subfield>
<subfield code="5">NyNyUAW</subfield>
</datafield>
<datafield tag="776" ind1="0" ind2="8">
<subfield code="i">Online version:</subfield>
<subfield code="a">Bible. Old Testament. English. Selections. 1921.</subfield>
<subfield code="t">Israel's historical and biographical narratives.</subfield>
<subfield code="d">New York, Scribner, 1921</subfield>
<subfield code="w">(OCoLC)903152338</subfield>
</datafield>
<datafield tag="800" ind1="1" ind2=" ">
<subfield code="a">Kent, Charles Foster,</subfield>
<subfield code="d">1867-1925.</subfield>
<subfield code="t">Student's Old Testament ;</subfield>
<subfield code="v">2.</subfield>
</datafield>
<datafield tag="OWN" ind1=" " ind2=" ">
<subfield code="a">GENERAL</subfield>
</datafield>
<datafield tag="AVA" ind1=" " ind2=" ">
<subfield code="a">NYU50</subfield>
<subfield code="b">NISAW</subfield>
<subfield code="c">Small Collection</subfield>
<subfield code="d">BS895 .K4 1921 vol.2</subfield>
<subfield code="e">unavailable</subfield>
<subfield code="t">Unavailable</subfield>
<subfield code="f">1</subfield>
<subfield code="g">1</subfield>
<subfield code="h">N</subfield>
<subfield code="i">0</subfield>
<subfield code="j">SMALL</subfield>
<subfield code="k">0</subfield>
</datafield>
</record>