<record xmlns="http://www.loc.gov/MARC21/slim" xmlns:xsi="http://www.w3.org/2001/XMLSchema-instance" xsi:schemaLocation="http://www.loc.gov/MARC21/slim http://www.loc.gov/standards/marcxml/schema/MARC21slim.xsd">
<leader>00000cam a22     Ii 4500</leader>
<controlfield tag="FMT">BK</controlfield>
<controlfield tag="LDR">00000cam a22     Ii 4500</controlfield>
<controlfield tag="001">006204164</controlfield>
<controlfield tag="005">20180606144020.0</controlfield>
<controlfield tag="008">180606s1939    nyu      b    001 0 eng</controlfield>
<datafield tag="010" ind1=" " ind2=" ">
<subfield code="a">   39021396</subfield>
</datafield>
<datafield tag="035" ind1=" " ind2=" ">
<subfield code="a">(OCoLC)514004</subfield>
<subfield code="z">(OCoLC)15259291</subfield>
<subfield code="z">(OCoLC)237133513</subfield>
<subfield code="z">(OCoLC)978189412</subfield>
</datafield>
<datafield tag="040" ind1=" " ind2=" ">
<subfield code="a">DLC</subfield>
<subfield code="b">eng</subfield>
<subfield code="c">KSU</subfield>
<subfield code="d">OCL</subfield>
<subfield code="d">KAT</subfield>
<subfield code="d">PLT</subfield>
<subfield code="d">OCL</subfield>
<subfield code="d">WY@</subfield>
<subfield code="d">OCLCQ</subfield>
<subfield code="d">HNW</subfield>
<subfield code="d">CIRBC</subfield>
<subfield code="d">OCLCA</subfield>
<subfield code="d">OCLCF</subfield>
<subfield code="d">OCLCQ</subfield>
<subfield code="d">OCLCA</subfield>
<subfield code="d">DML</subfield>
<subfield code="d">ZYU</subfield>
</datafield>
<datafield tag="050" ind1=" " ind2="4">
<subfield code="a">BS1505</subfield>
<subfield code="b">.L4 1939</subfield>
</datafield>
<datafield tag="050" ind1="0" ind2="0">
<subfield code="a">BS1505</subfield>
<subfield code="b">.L4</subfield>
</datafield>
<datafield tag="082" ind1="0" ind2=" ">
<subfield code="a">221.92</subfield>
</datafield>
<datafield tag="100" ind1="1" ind2=" ">
<subfield code="a">Leslie, Elmer A.</subfield>
<subfield code="q">(Elmer Archibald),</subfield>
<subfield code="d">1888-</subfield>
</datafield>
<datafield tag="245" ind1="1" ind2="4">
<subfield code="a">The prophets tell their own story /</subfield>
<subfield code="c">Elmer A. Leslie.</subfield>
</datafield>
<datafield tag="260" ind1=" " ind2=" ">
<subfield code="a">New York :</subfield>
<subfield code="b">Abingdon Press,</subfield>
<subfield code="c">&#169;1939.</subfield>
</datafield>
<datafield tag="300" ind1=" " ind2=" ">
<subfield code="a">307 pages ;</subfield>
<subfield code="c">22 cm</subfield>
</datafield>
<datafield tag="336" ind1=" " ind2=" ">
<subfield code="a">text</subfield>
<subfield code="b">txt</subfield>
<subfield code="2">rdacontent</subfield>
</datafield>
<datafield tag="337" ind1=" " ind2=" ">
<subfield code="a">unmediated</subfield>
<subfield code="b">n</subfield>
<subfield code="2">rdamedia</subfield>
</datafield>
<datafield tag="338" ind1=" " ind2=" ">
<subfield code="a">volume</subfield>
<subfield code="b">nc</subfield>
<subfield code="2">rdacarrier</subfield>
</datafield>
<datafield tag="500" ind1=" " ind2=" ">
<subfield code="a">Includes indexes.</subfield>
</datafield>
<datafield tag="504" ind1=" " ind2=" ">
<subfield code="a">"Notes": pages 261-276; Bibliography: p. 279-292.</subfield>
</datafield>
<datafield tag="505" ind1="0" ind2=" ">
<subfield code="a">Preface -- Amos of Tekoa -- Hosea of Ephraim -- Isaiah of Jerusalem -- Micah of Moresheth-Gath -- Zephaniah of Jerusalem -- Nahum of Elkosh -- Habakkuk of Jerusalem -- Jeremiah of Anathoth.</subfield>
</datafield>
<datafield tag="530" ind1=" " ind2=" ">
<subfield code="a">Also issued online.</subfield>
</datafield>
<datafield tag="500" ind1=" " ind2=" ">
<subfield code="a">ISAW copy is from the library of David I. Owen.</subfield>
<subfield code="5">NyNyUAW</subfield>
</datafield>
<datafield tag="630" ind1="0" ind2="0">
<subfield code="a">Bible.</subfield>
<subfield code="p">Prophets</subfield>
<subfield code="v">Biography.</subfield>
</datafield>
<datafield tag="630" ind1="0" ind2="7">
<subfield code="a">Bible.</subfield>
<subfield code="p">Prophets.</subfield>
<subfield code="2">fast</subfield>
<subfield code="0">(OCoLC)fst01892941</subfield>
</datafield>
<datafield tag="630" ind1="0" ind2="4">
<subfield code="a">Bible - Biography, O.T. Prophets., cn.</subfield>
</datafield>
<datafield tag="630" ind1="0" ind2="4">
<subfield code="a">Bible. O.T. Prophets - Biography.</subfield>
</datafield>
<datafield tag="650" ind1=" " ind2="0">
<subfield code="a">Prophets.</subfield>
</datafield>
<datafield tag="650" ind1=" " ind2="7">
<subfield code="a">Prophets.</subfield>
<subfield code="2">fast</subfield>
<subfield code="0">(OCoLC)fst01079211</subfield>
</datafield>
<datafield tag="655" ind1=" " ind2="7">
<subfield code="a">Biography.</subfield>
<subfield code="2">fast</subfield>
<subfield code="0">(OCoLC)fst01423686</subfield>
</datafield>
<datafield tag="700" ind1="1" ind2=" ">
<subfield code="a">Owen, David I.,</subfield>
<subfield code="e">former owner.</subfield>
<subfield code="5">NyNyUAW</subfield>
</datafield>
<datafield tag="740" ind1="0" ind2=" ">
<subfield code="a">Owen Collection.</subfield>
<subfield code="5">NyNyUAW</subfield>
</datafield>
<datafield tag="776" ind1="0" ind2="8">
<subfield code="i">Online version:</subfield>
<subfield code="a">Leslie, Elmer Archibald, 1888-</subfield>
<subfield code="t">Prophets tell their own story.</subfield>
<subfield code="d">New York, Nashville, Abingdon-Cokesbury press [&#169;1939]</subfield>
<subfield code="w">(OCoLC)588972140</subfield>
</datafield>
<datafield tag="OWN" ind1=" " ind2=" ">
<subfield code="a">GENERAL</subfield>
</datafield>
<datafield tag="AVA" ind1=" " ind2=" ">
<subfield code="a">NYU50</subfield>
<subfield code="b">NISAW</subfield>
<subfield code="c">Small Collection</subfield>
<subfield code="d">BS1505 .L4 1939</subfield>
<subfield code="e">unavailable</subfield>
<subfield code="t">Unavailable</subfield>
<subfield code="f">1</subfield>
<subfield code="g">1</subfield>
<subfield code="h">N</subfield>
<subfield code="i">0</subfield>
<subfield code="j">SMALL</subfield>
<subfield code="k">0</subfield>
</datafield>
</record>