<record xmlns="http://www.loc.gov/MARC21/slim" xmlns:xsi="http://www.w3.org/2001/XMLSchema-instance" xsi:schemaLocation="http://www.loc.gov/MARC21/slim http://www.loc.gov/standards/marcxml/schema/MARC21slim.xsd">
<leader>00000cam a22      i 4500</leader>
<controlfield tag="FMT">BK</controlfield>
<controlfield tag="LDR">00000cam a22      i 4500</controlfield>
<controlfield tag="001">006207600</controlfield>
<controlfield tag="005">20180618141458.0</controlfield>
<controlfield tag="008">180618s2016    it af    b    001 0 eng d</controlfield>
<datafield tag="010" ind1=" " ind2=" ">
<subfield code="a">  2017368186</subfield>
</datafield>
<datafield tag="020" ind1=" " ind2=" ">
<subfield code="a">9788874680481</subfield>
</datafield>
<datafield tag="020" ind1=" " ind2=" ">
<subfield code="a">8874680481</subfield>
</datafield>
<datafield tag="035" ind1=" " ind2=" ">
<subfield code="a">(OCoLC)972679885</subfield>
<subfield code="z">(OCoLC)987881905</subfield>
</datafield>
<datafield tag="040" ind1=" " ind2=" ">
<subfield code="a">C3L</subfield>
<subfield code="b">eng</subfield>
<subfield code="e">rda</subfield>
<subfield code="c">DLC</subfield>
<subfield code="d">C3L</subfield>
<subfield code="d">UBY</subfield>
<subfield code="d">OCLCF</subfield>
<subfield code="d">STF</subfield>
<subfield code="d">OCLCO</subfield>
<subfield code="d">OCLCQ</subfield>
<subfield code="d">CHVBK</subfield>
<subfield code="d">NARDE</subfield>
<subfield code="d">UIU</subfield>
<subfield code="d">OCLCQ</subfield>
<subfield code="d">OCLCO</subfield>
<subfield code="d">OCLCQ</subfield>
<subfield code="d">OCLCA</subfield>
<subfield code="d">ZYU</subfield>
</datafield>
<datafield tag="042" ind1=" " ind2=" ">
<subfield code="a">lccopycat</subfield>
</datafield>
<datafield tag="050" ind1="0" ind2="0">
<subfield code="a">BS2555.52</subfield>
<subfield code="b">.C473 2016</subfield>
</datafield>
<datafield tag="082" ind1="1" ind2="4">
<subfield code="a">226</subfield>
<subfield code="2">14</subfield>
</datafield>
<datafield tag="100" ind1="1" ind2=" ">
<subfield code="a">Charlesworth, Scott D.,</subfield>
<subfield code="e">author.</subfield>
</datafield>
<datafield tag="245" ind1="1" ind2="0">
<subfield code="a">Early christian gospels :</subfield>
<subfield code="b">their production and transmission /</subfield>
<subfield code="c">Scott D. Charlesworth.</subfield>
</datafield>
<datafield tag="264" ind1=" " ind2="1">
<subfield code="a">Firenze :</subfield>
<subfield code="b">Edizioni Gonnelli,</subfield>
<subfield code="c">2016.</subfield>
</datafield>
<datafield tag="300" ind1=" " ind2=" ">
<subfield code="a">326</subfield>
<subfield code="b">illustrations ;</subfield>
<subfield code="c">31 cm</subfield>
</datafield>
<datafield tag="336" ind1=" " ind2=" ">
<subfield code="a">text</subfield>
<subfield code="b">txt</subfield>
<subfield code="2">rdacontent</subfield>
</datafield>
<datafield tag="336" ind1=" " ind2=" ">
<subfield code="a">still image</subfield>
<subfield code="b">sti</subfield>
<subfield code="2">rdacontent</subfield>
</datafield>
<datafield tag="337" ind1=" " ind2=" ">
<subfield code="a">unmediated</subfield>
<subfield code="b">n</subfield>
<subfield code="2">rdamedia</subfield>
</datafield>
<datafield tag="338" ind1=" " ind2=" ">
<subfield code="a">volume</subfield>
<subfield code="b">nc</subfield>
<subfield code="2">rdacarrier</subfield>
</datafield>
<datafield tag="490" ind1="1" ind2=" ">
<subfield code="a">Papyrologica florentina ;</subfield>
<subfield code="v">volume XLVII</subfield>
</datafield>
<datafield tag="500" ind1=" " ind2=" ">
<subfield code="a">Revision of author's doctoral thesis--University of New England, Australia.</subfield>
</datafield>
<datafield tag="504" ind1=" " ind2=" ">
<subfield code="a">Includes bibliographical references (pages 281-306) and indexes.</subfield>
</datafield>
<datafield tag="505" ind1="0" ind2=" ">
<subfield code="a">Introduction : the early Gospel mss tradition -- Public and private : early Christian codicological conventions -- Excursus 1 : codicology and the dating of early c Gospel papyri -- Consensus standardization in the systematic approach to nomina sacra in early c Gospels -- Excursus 2 : nomina sacra in fragmentary c Gospel papyri -- Private and marginal : early n Gospels and possible n Gospel fragments -- Textual fluidity in early c Gospel mss -- Textual originality in early n Gospels -- The recent historiography of early Christianity -- Excursus 3 : defining ancient literacy : the Egyptian evidence.</subfield>
</datafield>
<datafield tag="630" ind1="0" ind2="0">
<subfield code="a">Bible.</subfield>
<subfield code="p">Gospels</subfield>
<subfield code="x">Criticism, Textual.</subfield>
</datafield>
<datafield tag="630" ind1="0" ind2="0">
<subfield code="a">Bible.</subfield>
<subfield code="p">Gospels</subfield>
<subfield code="v">Manuscripts, Greek.</subfield>
</datafield>
<datafield tag="630" ind1="0" ind2="0">
<subfield code="a">Bible.</subfield>
<subfield code="p">Gospels</subfield>
<subfield code="x">Manuscripts (Papyri)</subfield>
</datafield>
<datafield tag="630" ind1="0" ind2="7">
<subfield code="a">Bible.</subfield>
<subfield code="p">Gospels.</subfield>
<subfield code="2">fast</subfield>
<subfield code="0">(OCoLC)fst01808065</subfield>
</datafield>
<datafield tag="630" ind1="0" ind2="7">
<subfield code="a">Bibel</subfield>
<subfield code="p">Evangelien.</subfield>
<subfield code="2">gnd</subfield>
<subfield code="0">(DE-588)4015806-8</subfield>
</datafield>
<datafield tag="650" ind1=" " ind2="0">
<subfield code="a">Transmission of texts.</subfield>
</datafield>
<datafield tag="650" ind1=" " ind2="7">
<subfield code="a">Manuscripts (Papyri)</subfield>
<subfield code="2">fast</subfield>
<subfield code="0">(OCoLC)fst01008260</subfield>
</datafield>
<datafield tag="650" ind1=" " ind2="7">
<subfield code="a">Transmission of texts.</subfield>
<subfield code="2">fast</subfield>
<subfield code="0">(OCoLC)fst01154863</subfield>
</datafield>
<datafield tag="650" ind1=" " ind2="7">
<subfield code="a">Evangelium.</subfield>
<subfield code="2">gnd</subfield>
<subfield code="0">(DE-588)4015915-2</subfield>
</datafield>
<datafield tag="650" ind1=" " ind2="7">
<subfield code="a">Fr&#252;hchristentum.</subfield>
<subfield code="2">gnd</subfield>
<subfield code="0">(DE-588)4129954-1</subfield>
</datafield>
<datafield tag="650" ind1=" " ind2="7">
<subfield code="a">Papyrus.</subfield>
<subfield code="2">gnd</subfield>
<subfield code="0">(DE-588)4044571-9</subfield>
</datafield>
<datafield tag="650" ind1=" " ind2="7">
<subfield code="a">Verbreitung.</subfield>
<subfield code="2">gnd</subfield>
<subfield code="0">(DE-588)4187586-2</subfield>
</datafield>
<datafield tag="655" ind1=" " ind2="7">
<subfield code="a">Criticism, interpretation, etc.</subfield>
<subfield code="2">fast</subfield>
<subfield code="0">(OCoLC)fst01411635</subfield>
</datafield>
<datafield tag="830" ind1=" " ind2="0">
<subfield code="a">Papyrologica Florentina ;</subfield>
<subfield code="v">v. 47.</subfield>
</datafield>
<datafield tag="856" ind1="4" ind2="1">
<subfield code="3">Table of contents</subfield>
<subfield code="u">http://catdir.loc.gov/catdir/toc/casalini16/3181022.pdf</subfield>
</datafield>
<datafield tag="OWN" ind1=" " ind2=" ">
<subfield code="a">GENERAL</subfield>
</datafield>
<datafield tag="AVA" ind1=" " ind2=" ">
<subfield code="a">NYU50</subfield>
<subfield code="b">NISAW</subfield>
<subfield code="c">Large Collection</subfield>
<subfield code="d">BS2555.52 .C473 2016 Non-circulating</subfield>
<subfield code="e">available</subfield>
<subfield code="t">Available</subfield>
<subfield code="f">1</subfield>
<subfield code="g">0</subfield>
<subfield code="h">N</subfield>
<subfield code="i">0</subfield>
<subfield code="j">LARGE</subfield>
<subfield code="k">0</subfield>
</datafield>
</record>