<record xmlns="http://www.loc.gov/MARC21/slim" xmlns:xsi="http://www.w3.org/2001/XMLSchema-instance" xsi:schemaLocation="http://www.loc.gov/MARC21/slim http://www.loc.gov/standards/marcxml/schema/MARC21slim.xsd">
<leader>00000cam a22     Ii 4500</leader>
<controlfield tag="FMT">BK</controlfield>
<controlfield tag="LDR">00000cam a22     Ii 4500</controlfield>
<controlfield tag="001">006218179</controlfield>
<controlfield tag="005">20180709143356.0</controlfield>
<controlfield tag="008">180627m19261935fr       b    001 0 lat c</controlfield>
<datafield tag="010" ind1=" " ind2=" ">
<subfield code="a">   35015529</subfield>
</datafield>
<datafield tag="016" ind1="7" ind2=" ">
<subfield code="a">001910873</subfield>
<subfield code="2">Uk</subfield>
</datafield>
<datafield tag="035" ind1=" " ind2=" ">
<subfield code="a">(OCoLC)1265801</subfield>
<subfield code="z">(OCoLC)977672351</subfield>
</datafield>
<datafield tag="040" ind1=" " ind2=" ">
<subfield code="a">FAU</subfield>
<subfield code="b">eng</subfield>
<subfield code="c">FAU</subfield>
<subfield code="d">NLGGC</subfield>
<subfield code="d">LVB</subfield>
<subfield code="d">OCLCG</subfield>
<subfield code="d">STF</subfield>
<subfield code="d">UKMGB</subfield>
<subfield code="d">OCLCQ</subfield>
<subfield code="d">P4I</subfield>
<subfield code="d">OCLCQ</subfield>
<subfield code="d">OCLCO</subfield>
<subfield code="d">OCLCF</subfield>
<subfield code="d">OCLCQ</subfield>
<subfield code="d">EIS</subfield>
<subfield code="d">STMCA</subfield>
<subfield code="d">ZYU</subfield>
</datafield>
<datafield tag="041" ind1="0" ind2=" ">
<subfield code="a">lat</subfield>
<subfield code="a">grc</subfield>
</datafield>
<datafield tag="050" ind1=" " ind2="4">
<subfield code="a">BX320</subfield>
<subfield code="b">.J8</subfield>
</datafield>
<datafield tag="082" ind1="0" ind2="4">
<subfield code="a">230.15</subfield>
</datafield>
<datafield tag="084" ind1=" " ind2=" ">
<subfield code="a">11.53</subfield>
<subfield code="2">bcl</subfield>
</datafield>
<datafield tag="100" ind1="1" ind2=" ">
<subfield code="a">Jugie, Martin,</subfield>
<subfield code="d">1878-1954.</subfield>
</datafield>
<datafield tag="245" ind1="1" ind2="0">
<subfield code="a">Theologia dogmatica christianorum orientalium ab Ecclesia catholica dissidentium /</subfield>
<subfield code="c">auctore Martino Jugie.</subfield>
</datafield>
<datafield tag="260" ind1=" " ind2=" ">
<subfield code="a">Parisiis :</subfield>
<subfield code="b">sumptibus Letouzey et An&#233;,</subfield>
<subfield code="c">1926-1935.</subfield>
</datafield>
<datafield tag="300" ind1=" " ind2=" ">
<subfield code="a">5 volumes ;</subfield>
<subfield code="c">23 cm</subfield>
</datafield>
<datafield tag="336" ind1=" " ind2=" ">
<subfield code="a">text</subfield>
<subfield code="b">txt</subfield>
<subfield code="2">rdacontent</subfield>
</datafield>
<datafield tag="337" ind1=" " ind2=" ">
<subfield code="a">unmediated</subfield>
<subfield code="b">n</subfield>
<subfield code="2">rdamedia</subfield>
</datafield>
<datafield tag="338" ind1=" " ind2=" ">
<subfield code="a">volume</subfield>
<subfield code="b">nc</subfield>
<subfield code="2">rdacarrier</subfield>
</datafield>
<datafield tag="505" ind1="0" ind2="0">
<subfield code="g">I.</subfield>
<subfield code="t">Theologiae dogmaticae graeco-russorum origo, historia, fontes.</subfield>
<subfield code="g">1926. --</subfield>
<subfield code="g">II.</subfield>
<subfield code="t">Theologiae dogmaticae graeco-russorum expositio de theologia simplici, de oeconomia.</subfield>
<subfield code="g">1933. --</subfield>
<subfield code="g">III.</subfield>
<subfield code="t">Theologiae dogmaticae graeco-russorum expositio de sacramentis.</subfield>
<subfield code="g">1930. --</subfield>
<subfield code="g">IV.</subfield>
<subfield code="t">Theologiae dogmaticae graeco-russorum expositio de novissimis, de ecclesia.</subfield>
<subfield code="g">1931. --</subfield>
<subfield code="g">V.</subfield>
<subfield code="t">De theologia dogmatica nestorianorum et monophysitarum.</subfield>
<subfield code="g">1935.</subfield>
</datafield>
<datafield tag="504" ind1=" " ind2=" ">
<subfield code="a">Includes bibliographical references and indexes.</subfield>
</datafield>
<datafield tag="500" ind1=" " ind2=" ">
<subfield code="a">ISAW copy is from the library of Nina Garso&#239;an.</subfield>
<subfield code="5">NyNyUAW</subfield>
</datafield>
<datafield tag="650" ind1=" " ind2="0">
<subfield code="a">Eastern churches</subfield>
<subfield code="x">Controversial literature.</subfield>
</datafield>
<datafield tag="650" ind1=" " ind2="0">
<subfield code="a">Theology, Doctrinal.</subfield>
</datafield>
<datafield tag="650" ind1=" " ind2="7">
<subfield code="a">Eastern churches.</subfield>
<subfield code="2">fast</subfield>
<subfield code="0">(OCoLC)fst00901150</subfield>
</datafield>
<datafield tag="650" ind1=" " ind2="7">
<subfield code="a">Theology, Doctrinal.</subfield>
<subfield code="2">fast</subfield>
<subfield code="0">(OCoLC)fst01149617</subfield>
</datafield>
<datafield tag="650" ind1="1" ind2="7">
<subfield code="a">Dogmatiek.</subfield>
<subfield code="2">gtt</subfield>
</datafield>
<datafield tag="650" ind1="1" ind2="7">
<subfield code="a">Oosterse kerken.</subfield>
<subfield code="2">gtt</subfield>
</datafield>
<datafield tag="655" ind1=" " ind2="7">
<subfield code="a">Controversial literature.</subfield>
<subfield code="2">fast</subfield>
<subfield code="0">(OCoLC)fst01423907</subfield>
</datafield>
<datafield tag="700" ind1="1" ind2=" ">
<subfield code="a">Garso&#239;an, Nina G.,</subfield>
<subfield code="d">1923-</subfield>
<subfield code="e">former owner.</subfield>
<subfield code="5">NyNyUAW</subfield>
</datafield>
<datafield tag="740" ind1="0" ind2=" ">
<subfield code="a">Garso&#239;an Collection.</subfield>
<subfield code="5">NyNyUAW</subfield>
</datafield>
<datafield tag="776" ind1="0" ind2="8">
<subfield code="i">Online version:</subfield>
<subfield code="a">Jugie, Martin, 1878-1954.</subfield>
<subfield code="t">Theologia dogmatica christianorum orientalium ab Ecclesia catholica dissidentium.</subfield>
<subfield code="d">Parisiis, sumptibus Letouzey et An&#233;, 1926-35</subfield>
<subfield code="w">(OCoLC)726769514</subfield>
</datafield>
<datafield tag="OWN" ind1=" " ind2=" ">
<subfield code="a">GENERAL</subfield>
</datafield>
<datafield tag="AVA" ind1=" " ind2=" ">
<subfield code="a">NYU50</subfield>
<subfield code="b">NISAW</subfield>
<subfield code="c">Small Collection</subfield>
<subfield code="d">BX320 .J8 Non-circulating</subfield>
<subfield code="e">available</subfield>
<subfield code="t">Available</subfield>
<subfield code="f">5</subfield>
<subfield code="g">0</subfield>
<subfield code="h">Y</subfield>
<subfield code="i">0</subfield>
<subfield code="j">SMALL</subfield>
<subfield code="k">0</subfield>
</datafield>
</record>