<record xmlns="http://www.loc.gov/MARC21/slim" xmlns:xsi="http://www.w3.org/2001/XMLSchema-instance" xsi:schemaLocation="http://www.loc.gov/MARC21/slim http://www.loc.gov/standards/marcxml/schema/MARC21slim.xsd">
<leader>00000cam a2200589 a 4500</leader>
<controlfield tag="FMT">BK</controlfield>
<controlfield tag="LDR">00000cam a2200589 a 4500</controlfield>
<controlfield tag="001">006203538</controlfield>
<controlfield tag="003">OCoLC</controlfield>
<controlfield tag="005">20180605121544.0</controlfield>
<controlfield tag="008">180605m19079999fr       b    001 0 fre</controlfield>
<datafield tag="010" ind1=" " ind2=" ">
<subfield code="a">21019570</subfield>
</datafield>
<datafield tag="016" ind1="7" ind2=" ">
<subfield code="a">004158410</subfield>
<subfield code="2">Uk</subfield>
</datafield>
<datafield tag="035" ind1=" " ind2=" ">
<subfield code="a">(OCoLC)843660</subfield>
<subfield code="z">(OCoLC)2261854</subfield>
<subfield code="z">(OCoLC)38185465</subfield>
<subfield code="z">(OCoLC)555020288</subfield>
<subfield code="z">(OCoLC)1000865532</subfield>
</datafield>
<datafield tag="040" ind1=" " ind2=" ">
<subfield code="a">DLC</subfield>
<subfield code="b">eng</subfield>
<subfield code="c">DLC</subfield>
<subfield code="d">DAY</subfield>
<subfield code="d">UBA</subfield>
<subfield code="d">MUQ</subfield>
<subfield code="d">UV0</subfield>
<subfield code="d">CLU</subfield>
<subfield code="d">KRTAS</subfield>
<subfield code="d">ZWZ</subfield>
<subfield code="d">NYP</subfield>
<subfield code="d">NLGGC</subfield>
<subfield code="d">LVB</subfield>
<subfield code="d">JES</subfield>
<subfield code="d">ESSAL</subfield>
<subfield code="d">OCLCF</subfield>
<subfield code="d">P4I</subfield>
<subfield code="d">OCLCQ</subfield>
<subfield code="d">UKMGB</subfield>
<subfield code="d">OCLCO</subfield>
<subfield code="d">OCLCQ</subfield>
<subfield code="d">UEJ</subfield>
<subfield code="d">OCLCQ</subfield>
<subfield code="d">OCL</subfield>
<subfield code="d">NNU</subfield>
</datafield>
<datafield tag="041" ind1="1" ind2=" ">
<subfield code="a">fre</subfield>
<subfield code="h">ger</subfield>
</datafield>
<datafield tag="042" ind1=" " ind2=" ">
<subfield code="a">premarc</subfield>
</datafield>
<datafield tag="050" ind1="0" ind2="0">
<subfield code="a">BX821</subfield>
<subfield code="b">.H45 1907</subfield>
</datafield>
<datafield tag="082" ind1="0" ind2="4">
<subfield code="a">270.2</subfield>
<subfield code="2">20</subfield>
</datafield>
<datafield tag="084" ind1=" " ind2=" ">
<subfield code="a">11.50</subfield>
<subfield code="2">bcl</subfield>
</datafield>
<datafield tag="100" ind1="1" ind2=" ">
<subfield code="a">Hefele, Karl Joseph von,</subfield>
<subfield code="d">1809-1893.</subfield>
</datafield>
<datafield tag="240" ind1="1" ind2="0">
<subfield code="a">Conciliengeschichte.</subfield>
<subfield code="l">French</subfield>
</datafield>
<datafield tag="245" ind1="1" ind2="0">
<subfield code="a">Histoire des conciles d'apr&#232;s les documents originaux /</subfield>
<subfield code="c">par Charles Joseph Hefele.</subfield>
</datafield>
<datafield tag="250" ind1=" " ind2=" ">
<subfield code="a">Nouv. traduction fran&#231;aise faite sur la 2. &#233;d. allemande, cor. et augm. de notes critiques et bibliographiques, par un religieux b&#233;n&#233;dictin de l'abbaye Saint-Michel de Farnborough [i.e. H. Leclercq].</subfield>
</datafield>
<datafield tag="260" ind1=" " ind2=" ">
<subfield code="a">Paris :</subfield>
<subfield code="b">Letouzey,</subfield>
<subfield code="c">1907-</subfield>
</datafield>
<datafield tag="300" ind1=" " ind2=" ">
<subfield code="a">volumes :</subfield>
<subfield code="c">26 cm</subfield>
</datafield>
<datafield tag="336" ind1=" " ind2=" ">
<subfield code="a">text</subfield>
<subfield code="b">txt</subfield>
<subfield code="2">rdacontent</subfield>
</datafield>
<datafield tag="337" ind1=" " ind2=" ">
<subfield code="a">unmediated</subfield>
<subfield code="b">n</subfield>
<subfield code="2">rdamedia</subfield>
</datafield>
<datafield tag="338" ind1=" " ind2=" ">
<subfield code="a">volume</subfield>
<subfield code="b">nc</subfield>
<subfield code="2">rdacarrier</subfield>
</datafield>
<datafield tag="500" ind1=" " ind2=" ">
<subfield code="a">Translation of Conciliengeschichte.</subfield>
</datafield>
<datafield tag="500" ind1=" " ind2=" ">
<subfield code="a">Vols. 8- : Histoire des conciles ... continu&#233;e par le cardinal J. Hergenr&#339;ther.</subfield>
</datafield>
<datafield tag="500" ind1=" " ind2=" ">
<subfield code="a">Vols. 5-6 (books 31-44) of the 2d German edition, upon which the present edition is based, were edited by A. Kn&#246;pfler.</subfield>
</datafield>
<datafield tag="500" ind1=" " ind2=" ">
<subfield code="a">Translator's name (H. Leclercq) appears on t.p. of v. 2, pt. 2, and succeeding volumes.</subfield>
</datafield>
<datafield tag="500" ind1=" " ind2=" ">
<subfield code="a">ISAW copy is from the library of Nina Garso&#239;an.</subfield>
<subfield code="5">NyNyUAW</subfield>
</datafield>
<datafield tag="505" ind1="0" ind2=" ">
<subfield code="a">Contiene: t. I: premi&#232;re partie -- deuxi&#232;me partie -- t. II: premi&#232;re partie -- deuxi&#232;me partie -- t. III: premi&#232;re partie -- deuxi&#232;me partie -- t. IV: premi&#232;re partie -- deuxi&#232;me partie -- t. V: premi&#232;re partie -- deuxi&#232;me partie -- t. VI: premi&#232;re partie -- deuxi&#232;me partie -- t. VII: premi&#232;re partie -- deuxi&#232;me partie -- t. VIII: premi&#232;re partie -- deuxi&#232;me partie -- t. IX: premi&#232;re partie -- deuxi&#232;me partie.</subfield>
</datafield>
<datafield tag="504" ind1=" " ind2=" ">
<subfield code="a">Includes bibliographical references and index.</subfield>
</datafield>
<datafield tag="546" ind1=" " ind2=" ">
<subfield code="a">Translation of Conciliengeschichte.</subfield>
</datafield>
<datafield tag="546" ind1=" " ind2=" ">
<subfield code="a">Translator's name appears on t.p. of v. 2, pt. 2, and succeeding volumes.</subfield>
</datafield>
<datafield tag="650" ind1=" " ind2="0">
<subfield code="a">Councils and synods.</subfield>
</datafield>
<datafield tag="650" ind1=" " ind2="6">
<subfield code="a">Conciles et synodes</subfield>
<subfield code="x">Histoire.</subfield>
</datafield>
<datafield tag="650" ind1=" " ind2="7">
<subfield code="a">Councils and synods.</subfield>
<subfield code="2">fast</subfield>
<subfield code="0">(OCoLC)fst00881192</subfield>
</datafield>
<datafield tag="700" ind1="1" ind2=" ">
<subfield code="a">Leclercq, Henri,</subfield>
<subfield code="d">1869-1945,</subfield>
<subfield code="e">translator.</subfield>
</datafield>
<datafield tag="700" ind1="1" ind2=" ">
<subfield code="a">Garso&#239;an, Nina G.,</subfield>
<subfield code="d">1923-</subfield>
<subfield code="e">former owner.</subfield>
<subfield code="5">NyNyUAW</subfield>
</datafield>
<datafield tag="740" ind1="0" ind2=" ">
<subfield code="a">Garso&#239;an Collection.</subfield>
<subfield code="5">NyNyUAW</subfield>
</datafield>
<datafield tag="776" ind1="0" ind2="8">
<subfield code="i">Online version:</subfield>
<subfield code="a">Hefele, Karl Joseph von, 1809-1893.</subfield>
<subfield code="s">Conciliengeschichte. French.</subfield>
<subfield code="t">Histoire des conciles d'apr&#232;s les documents originaux.</subfield>
<subfield code="b">Nouv. traduction franc&#796;aise faite sur la 2. &#233;d. allemande, cor. et augm. de notes critiques et bibliographiques, par un religieux b&#233;n&#233;dictin de l'abbaye Saint-Michel de Farnborough.</subfield>
<subfield code="d">Paris, Letouzey, 1907-</subfield>
<subfield code="w">(OCoLC)575401486</subfield>
</datafield>
<datafield tag="994" ind1=" " ind2=" ">
<subfield code="a">Z0</subfield>
<subfield code="b">ZYU</subfield>
</datafield>
<datafield tag="OWN" ind1=" " ind2=" ">
<subfield code="a">GENERAL</subfield>
</datafield>
<datafield tag="AVA" ind1=" " ind2=" ">
<subfield code="a">NYU50</subfield>
<subfield code="b">NISAW</subfield>
<subfield code="c">Small Collection</subfield>
<subfield code="d">BX821 .H45 Non-circulating</subfield>
<subfield code="e">available</subfield>
<subfield code="t">Available</subfield>
<subfield code="f">8</subfield>
<subfield code="g">0</subfield>
<subfield code="h">Y</subfield>
<subfield code="i">0</subfield>
<subfield code="j">SMALL</subfield>
<subfield code="k">0</subfield>
</datafield>
</record>