<record xmlns="http://www.loc.gov/MARC21/slim" xmlns:xsi="http://www.w3.org/2001/XMLSchema-instance" xsi:schemaLocation="http://www.loc.gov/MARC21/slim http://www.loc.gov/standards/marcxml/schema/MARC21slim.xsd">
<leader>00000cam a22      a 4500</leader>
<controlfield tag="FMT">BK</controlfield>
<controlfield tag="LDR">00000cam a22      a 4500</controlfield>
<controlfield tag="001">006206460</controlfield>
<controlfield tag="005">20180613085131.0</controlfield>
<controlfield tag="008">180613s1995    ru a     b    010 0 ruso</controlfield>
<datafield tag="010" ind1=" " ind2=" ">
<subfield code="a">   96107063</subfield>
</datafield>
<datafield tag="035" ind1=" " ind2=" ">
<subfield code="a">(OCoLC)35317912</subfield>
<subfield code="z">(OCoLC)34301877</subfield>
<subfield code="z">(OCoLC)1001079953</subfield>
</datafield>
<datafield tag="040" ind1=" " ind2=" ">
<subfield code="a">DLC</subfield>
<subfield code="b">eng</subfield>
<subfield code="c">DLC</subfield>
<subfield code="d">OCLCG</subfield>
<subfield code="d">OCLCO</subfield>
<subfield code="d">OCLCF</subfield>
<subfield code="d">OCLCQ</subfield>
<subfield code="d">OCLCA</subfield>
<subfield code="d">ZYU</subfield>
</datafield>
<datafield tag="041" ind1="0" ind2=" ">
<subfield code="a">rus</subfield>
<subfield code="a">eng</subfield>
</datafield>
<datafield tag="043" ind1=" " ind2=" ">
<subfield code="a">a------</subfield>
</datafield>
<datafield tag="050" ind1="0" ind2="0">
<subfield code="a">CB253</subfield>
<subfield code="b">.E76 1995</subfield>
</datafield>
<datafield tag="080" ind1=" " ind2=" ">
<subfield code="a">904(470.23-25)(082)</subfield>
</datafield>
<datafield tag="245" ind1="0" ind2="0">
<subfield code="6">880-01</subfield>
<subfield code="a">&#278;rmitazhnye chtenii&#865;a 1986-1994 godov pami&#865;ati V.G. Lukonina :</subfield>
<subfield code="b">21.I.1932-10. IX. 1984 /</subfield>
<subfield code="c">[nauchny&#301; redaktor E.V. Ze&#301;mal&#697;].</subfield>
</datafield>
<datafield tag="246" ind1="1" ind2="4">
<subfield code="a">&#278;rmitazhnye chtenii&#865;a pami&#865;ati V.G. Lukonina</subfield>
</datafield>
<datafield tag="260" ind1=" " ind2=" ">
<subfield code="6">880-02</subfield>
<subfield code="a">Sankt-Peterburg :</subfield>
<subfield code="b">Gos. &#278;rmitazh,</subfield>
<subfield code="c">1995.</subfield>
</datafield>
<datafield tag="300" ind1=" " ind2=" ">
<subfield code="a">255 pages :</subfield>
<subfield code="b">illustrations ;</subfield>
<subfield code="c">22 cm</subfield>
</datafield>
<datafield tag="336" ind1=" " ind2=" ">
<subfield code="a">text</subfield>
<subfield code="b">txt</subfield>
<subfield code="2">rdacontent</subfield>
</datafield>
<datafield tag="337" ind1=" " ind2=" ">
<subfield code="a">unmediated</subfield>
<subfield code="b">n</subfield>
<subfield code="2">rdamedia</subfield>
</datafield>
<datafield tag="338" ind1=" " ind2=" ">
<subfield code="a">volume</subfield>
<subfield code="b">nc</subfield>
<subfield code="2">rdacarrier</subfield>
</datafield>
<datafield tag="500" ind1=" " ind2=" ">
<subfield code="a">ISAW copy is from the library of Aleksandr Leskov.</subfield>
<subfield code="5">NyNyUAW</subfield>
</datafield>
<datafield tag="530" ind1=" " ind2=" ">
<subfield code="a">Also issued online.</subfield>
</datafield>
<datafield tag="546" ind1=" " ind2=" ">
<subfield code="a">One article in English.</subfield>
</datafield>
<datafield tag="504" ind1=" " ind2=" ">
<subfield code="a">Includes bibliographical references.</subfield>
</datafield>
<datafield tag="650" ind1=" " ind2="0">
<subfield code="a">Civilization, Oriental.</subfield>
</datafield>
<datafield tag="650" ind1=" " ind2="0">
<subfield code="a">Oriental antiquities.</subfield>
</datafield>
<datafield tag="700" ind1="1" ind2=" ">
<subfield code="6">880-03</subfield>
<subfield code="a">Lukonin, Vladimir Grigor&#697;evich,</subfield>
<subfield code="e">honouree.</subfield>
</datafield>
<datafield tag="700" ind1="1" ind2=" ">
<subfield code="6">880-04</subfield>
<subfield code="a">Ze&#301;mal&#697;, E. V.</subfield>
<subfield code="q">(Evgeni&#301; Vladislavovich),</subfield>
<subfield code="e">editor.</subfield>
</datafield>
<datafield tag="710" ind1="2" ind2=" ">
<subfield code="6">880-05</subfield>
<subfield code="a">Gosudarstvenny&#301; &#278;rmitazh (Russia),</subfield>
<subfield code="e">host institution.</subfield>
</datafield>
<datafield tag="776" ind1="0" ind2="8">
<subfield code="i">Online version:</subfield>
<subfield code="t">&#278;rmitazhnye chtenii&#865;a 1986-1994 godov pami&#865;ati V.G. Lukonina.</subfield>
<subfield code="d">Sankt-Peterburg : Gos. &#278;rmitazh, 1995</subfield>
<subfield code="w">(OCoLC)606426239</subfield>
</datafield>
<datafield tag="700" ind1="1" ind2=" ">
<subfield code="a">Leskov, Aleksandr Mikha&#301;lovich,</subfield>
<subfield code="e">former owner.</subfield>
<subfield code="5">NyNyUAW</subfield>
</datafield>
<datafield tag="740" ind1="0" ind2=" ">
<subfield code="a">Leskov Collection.</subfield>
<subfield code="5">NyNyUAW</subfield>
</datafield>
<datafield tag="880" ind1="0" ind2="0">
<subfield code="6">245-01/</subfield>
<subfield code="a">&#1069;&#1088;&#1084;&#1080;&#1090;&#1072;&#1078;&#1085;&#1099;&#1077; &#1095;&#1090;&#1077;&#1085;&#1080;&#1103; 1986-1994 &#1075;&#1086;&#1076;&#1086;&#1074; &#1087;&#1072;&#1084;&#1103;&#1090;&#1080; &#1042;.&#1043;. &#1051;&#1091;&#1082;&#1086;&#1085;&#1080;&#1085;&#1072; :</subfield>
<subfield code="b">21.I.1932-10. I&#1061;. 1984 /</subfield>
<subfield code="c">[&#1085;&#1072;&#1091;&#1095;&#1085;&#1099;&#1081; &#1088;&#1077;&#1076;&#1072;&#1082;&#1090;&#1086;&#1088; &#1045;.&#1042;. &#1047;&#1077;&#1081;&#1084;&#1072;&#1083;&#1100;].</subfield>
</datafield>
<datafield tag="880" ind1=" " ind2=" ">
<subfield code="6">260-02/</subfield>
<subfield code="a">&#1057;&#1072;&#1085;&#1082;&#1090;-&#1055;&#1077;&#1090;&#1077;&#1088;&#1073;&#1091;&#1088;&#1075; :</subfield>
<subfield code="b">&#1043;&#1086;&#1089;. &#1069;&#1088;&#1084;&#1080;&#1090;&#1072;&#1078;,</subfield>
<subfield code="c">1995.</subfield>
</datafield>
<datafield tag="880" ind1="1" ind2=" ">
<subfield code="6">700-03/</subfield>
<subfield code="a">&#1051;&#1091;&#1082;&#1086;&#1085;&#1080;&#1085;, &#1042;&#1083;&#1072;&#1076;&#1080;&#1084;&#1080;&#1088; &#1043;&#1088;&#1080;&#1075;&#1086;&#1088;&#1100;&#1077;&#1074;&#1080;&#1095;,</subfield>
<subfield code="e">honouree</subfield>
</datafield>
<datafield tag="880" ind1="1" ind2=" ">
<subfield code="6">700-04/</subfield>
<subfield code="a">&#1047;&#1077;&#1081;&#1084;&#1072;&#1083;&#1100;, &#1045;. &#1042;.</subfield>
<subfield code="q">(&#1045;&#1074;&#1075;&#1077;&#1085;&#1080;&#1081; &#1042;&#1083;&#1072;&#1076;&#1080;&#1089;&#1083;&#1072;&#1074;&#1086;&#1074;&#1080;&#1095;),</subfield>
<subfield code="e">editor.</subfield>
</datafield>
<datafield tag="880" ind1="2" ind2=" ">
<subfield code="6">710-05/</subfield>
<subfield code="a">&#1043;&#1086;&#1089;&#1091;&#1076;&#1072;&#1088;&#1089;&#1090;&#1074;&#1077;&#1085;&#1085;&#1099;&#1081; &#1069;&#1088;&#1084;&#1080;&#1090;&#1072;&#1078; (Russia),</subfield>
<subfield code="e">host institution</subfield>
</datafield>
<datafield tag="OWN" ind1=" " ind2=" ">
<subfield code="a">GENERAL</subfield>
</datafield>
<datafield tag="AVA" ind1=" " ind2=" ">
<subfield code="a">NYU50</subfield>
<subfield code="b">NISAW</subfield>
<subfield code="c">Small Collection</subfield>
<subfield code="d">CB253 .E76 1995 Non-circulating</subfield>
<subfield code="e">available</subfield>
<subfield code="t">Available</subfield>
<subfield code="f">1</subfield>
<subfield code="g">0</subfield>
<subfield code="h">N</subfield>
<subfield code="i">0</subfield>
<subfield code="j">SMALL</subfield>
<subfield code="k">0</subfield>
</datafield>
</record>