<record xmlns="http://www.loc.gov/MARC21/slim" xmlns:xsi="http://www.w3.org/2001/XMLSchema-instance" xsi:schemaLocation="http://www.loc.gov/MARC21/slim http://www.loc.gov/standards/marcxml/schema/MARC21slim.xsd">
<leader>00000cam a22      a 4500</leader>
<controlfield tag="FMT">BK</controlfield>
<controlfield tag="LDR">00000cam a22      a 4500</controlfield>
<controlfield tag="001">006206129</controlfield>
<controlfield tag="005">20180612115232.0</controlfield>
<controlfield tag="008">180612s1994    ru            010 0 ruso</controlfield>
<datafield tag="010" ind1=" " ind2=" ">
<subfield code="a">   95173681</subfield>
</datafield>
<datafield tag="020" ind1=" " ind2=" ">
<subfield code="a">520101156X</subfield>
</datafield>
<datafield tag="020" ind1=" " ind2=" ">
<subfield code="a">9785201011567</subfield>
</datafield>
<datafield tag="035" ind1=" " ind2=" ">
<subfield code="a">(OCoLC)34013729</subfield>
</datafield>
<datafield tag="040" ind1=" " ind2=" ">
<subfield code="a">DLC</subfield>
<subfield code="b">eng</subfield>
<subfield code="c">DLC</subfield>
<subfield code="d">OCLCG</subfield>
<subfield code="d">OCLCO</subfield>
<subfield code="d">OCLCF</subfield>
<subfield code="d">OCLCQ</subfield>
<subfield code="d">ZYU</subfield>
</datafield>
<datafield tag="041" ind1="0" ind2=" ">
<subfield code="a">rus</subfield>
<subfield code="b">eng</subfield>
</datafield>
<datafield tag="050" ind1="0" ind2="0">
<subfield code="a">CB311</subfield>
<subfield code="b">.V97 1994</subfield>
</datafield>
<datafield tag="245" ind1="0" ind2="0">
<subfield code="6">880-01</subfield>
<subfield code="a">Vzaimode&#301;stvie drevnikh kul&#697;tur i t&#865;sivilizat&#865;si&#301; i ritmy kul&#697;turogeneza :</subfield>
<subfield code="b">materialy metodologicheskogo seminara /</subfield>
<subfield code="c">[redakt&#865;sionnai&#865;a kollegii&#865;a V.M. Masson (otv. redaktor) and others].</subfield>
</datafield>
<datafield tag="246" ind1="1" ind2="5">
<subfield code="a">Interactions of ancient cultures and civilizations and the rhythms of cultural genesis</subfield>
</datafield>
<datafield tag="260" ind1=" " ind2=" ">
<subfield code="6">880-02</subfield>
<subfield code="a">Sankt-Peterburg :</subfield>
<subfield code="b">Rossi&#301;skai&#865;a akademii&#865;a nauk, Institut istorii material&#697;no&#301; kul&#697;tury,</subfield>
<subfield code="c">1994.</subfield>
</datafield>
<datafield tag="300" ind1=" " ind2=" ">
<subfield code="a">105 pages ;</subfield>
<subfield code="c">20 cm.</subfield>
</datafield>
<datafield tag="336" ind1=" " ind2=" ">
<subfield code="a">text</subfield>
<subfield code="b">txt</subfield>
<subfield code="2">rdacontent</subfield>
</datafield>
<datafield tag="337" ind1=" " ind2=" ">
<subfield code="a">unmediated</subfield>
<subfield code="b">n</subfield>
<subfield code="2">rdamedia</subfield>
</datafield>
<datafield tag="338" ind1=" " ind2=" ">
<subfield code="a">volume</subfield>
<subfield code="b">nc</subfield>
<subfield code="2">rdacarrier</subfield>
</datafield>
<datafield tag="490" ind1="1" ind2=" ">
<subfield code="a">Arkheologicheskie izyskanii&#865;a ;</subfield>
<subfield code="v">vyp. 13</subfield>
</datafield>
<datafield tag="500" ind1=" " ind2=" ">
<subfield code="a">"Pami&#865;ati Gennadii&#865;a Nikolaevicha Kurochkina posvi&#865;ashchaet&#865;si&#865;a."</subfield>
</datafield>
<datafield tag="500" ind1=" " ind2=" ">
<subfield code="a">Table of content also in English.</subfield>
</datafield>
<datafield tag="500" ind1=" " ind2=" ">
<subfield code="6">880-03</subfield>
<subfield code="a">At head of title : Rossi&#301;skai&#865;a akademii&#865;a nauk, Institut istorii material&#697;no&#301; kul&#697;tury</subfield>
</datafield>
<datafield tag="500" ind1=" " ind2=" ">
<subfield code="a">ISAW copy is from the library of Aleksandr Leskov.</subfield>
<subfield code="5">NyNyUAW</subfield>
</datafield>
<datafield tag="650" ind1=" " ind2="0">
<subfield code="a">Civilization, Ancient.</subfield>
</datafield>
<datafield tag="600" ind1="1" ind2="0">
<subfield code="6">880-04</subfield>
<subfield code="a">Kurochkin, G. N.,</subfield>
<subfield code="e">honouree.</subfield>
</datafield>
<datafield tag="700" ind1="1" ind2=" ">
<subfield code="6">880-05</subfield>
<subfield code="a">Masson, V. M.</subfield>
<subfield code="q">(Vadim Mikha&#301;lovich),</subfield>
<subfield code="d">1929-</subfield>
<subfield code="e">editor.</subfield>
</datafield>
<datafield tag="710" ind1="2" ind2=" ">
<subfield code="6">880-06</subfield>
<subfield code="a">Institut istorii material&#697;no&#301; kul&#697;tury (Rossi&#301;skai&#865;a akademii&#865;a nauk),</subfield>
<subfield code="e">issuing body.</subfield>
</datafield>
<datafield tag="776" ind1="0" ind2="8">
<subfield code="i">Online version:</subfield>
<subfield code="t">Vzaimode&#301;stvie drevnikh kul&#697;tur i t&#865;sivilizat&#865;si&#301; i ritmy kul&#697;turogeneza.</subfield>
<subfield code="d">Sankt-Peterburg : Rossi&#301;skai&#865;a akademii&#865;a nauk, In-t istorii material&#697;no&#301; kul&#697;tury, 1994</subfield>
<subfield code="w">(OCoLC)654701509</subfield>
</datafield>
<datafield tag="700" ind1="1" ind2=" ">
<subfield code="a">Leskov, Aleksandr Mikha&#301;lovich,</subfield>
<subfield code="e">former owner.</subfield>
<subfield code="5">NyNyUAW</subfield>
</datafield>
<datafield tag="740" ind1="0" ind2=" ">
<subfield code="a">Leskov Collection.</subfield>
<subfield code="5">NyNyUAW</subfield>
</datafield>
<datafield tag="880" ind1="0" ind2="0">
<subfield code="6">245-01/</subfield>
<subfield code="a">&#1042;&#1079;&#1072;&#1080;&#1084;&#1086;&#1076;&#1077;&#1081;&#1089;&#1090;&#1074;&#1080;&#1077; &#1076;&#1088;&#1077;&#1074;&#1085;&#1080;&#1093; &#1082;&#1091;&#1083;&#1100;&#1090;&#1091;&#1088; &#1080; &#1094;&#1080;&#1074;&#1080;&#1083;&#1080;&#1079;&#1072;&#1094;&#1080;&#1081; &#1080; &#1088;&#1080;&#1090;&#1084;&#1099; &#1082;&#1091;&#1083;&#1100;&#1090;&#1091;&#1088;&#1086;&#1075;&#1077;&#1085;&#1077;&#1079;&#1072; :</subfield>
<subfield code="b">&#1084;&#1072;&#1090;&#1077;&#1088;&#1080;&#1072;&#1083;&#1099; &#1084;&#1077;&#1090;&#1086;&#1076;&#1086;&#1083;&#1086;&#1075;&#1080;&#1095;&#1077;&#1089;&#1082;&#1086;&#1075;&#1086; &#1089;&#1077;&#1084;&#1080;&#1085;&#1072;&#1088;&#1072; /</subfield>
<subfield code="c">[&#1088;&#1077;&#1076;&#1072;&#1082;&#1094;&#1080;&#1086;&#1085;&#1085;&#1072;&#1103; &#1082;&#1086;&#1083;&#1083;&#1077;&#1075;&#1080;&#1103; &#1042;.&#1052;. &#1052;&#1072;&#1089;&#1089;&#1086;&#1085; (&#1086;&#1090;&#1074;. &#1088;&#1077;&#1076;&#1072;&#1082;&#1090;&#1086;&#1088;) and others].</subfield>
</datafield>
<datafield tag="880" ind1=" " ind2=" ">
<subfield code="6">260-02/</subfield>
<subfield code="a">&#1057;&#1072;&#1085;&#1082;&#1090;-&#1055;&#1077;&#1090;&#1077;&#1088;&#1073;&#1091;&#1088;&#1075; :</subfield>
<subfield code="b">&#1056;&#1086;&#1089;&#1089;&#1080;&#1081;&#1089;&#1082;&#1072;&#1103; &#1072;&#1082;&#1072;&#1076;&#1077;&#1084;&#1080;&#1103; &#1085;&#1072;&#1091;&#1082;, &#1048;&#1085;&#1089;&#1090;&#1080;&#1090;&#1091;&#1090; &#1080;&#1089;&#1090;&#1086;&#1088;&#1080;&#1080; &#1084;&#1072;&#1090;&#1077;&#1088;&#1080;&#1072;&#1083;&#1100;&#1085;&#1086;&#1081; &#1082;&#1091;&#1083;&#1100;&#1090;&#1091;&#1088;&#1099;,</subfield>
<subfield code="c">1994.</subfield>
</datafield>
<datafield tag="880" ind1=" " ind2=" ">
<subfield code="6">500-03/</subfield>
<subfield code="a">At head of title : &#1056;&#1086;&#1089;&#1089;&#1080;&#1081;&#1089;&#1082;&#1072;&#1103; &#1072;&#1082;&#1072;&#1076;&#1077;&#1084;&#1080;&#1103; &#1085;&#1072;&#1091;&#1082;, &#1048;&#1085;&#1089;&#1090;&#1080;&#1090;&#1091;&#1090; &#1080;&#1089;&#1090;&#1086;&#1088;&#1080;&#1080; &#1084;&#1072;&#1090;&#1077;&#1088;&#1080;&#1072;&#1083;&#1100;&#1085;&#1086;&#1081; &#1082;&#1091;&#1083;&#1100;&#1090;&#1091;&#1088;&#1099;</subfield>
</datafield>
<datafield tag="880" ind1="1" ind2="0">
<subfield code="6">600-04/</subfield>
<subfield code="a">&#1050;&#1091;&#1088;&#1086;&#1095;&#1082;&#1080;&#1085;, &#1043;. &#1053;.,</subfield>
<subfield code="e">honouree.</subfield>
</datafield>
<datafield tag="880" ind1="1" ind2=" ">
<subfield code="6">700-05/</subfield>
<subfield code="a">&#1052;&#1072;&#1089;&#1089;&#1086;&#1085;, &#1042;. &#1052;.</subfield>
<subfield code="q">(&#1042;&#1072;&#1076;&#1080;&#1084; &#1052;&#1080;&#1093;&#1072;&#1081;&#1083;&#1086;&#1074;&#1080;&#1095;),</subfield>
<subfield code="d">1929-</subfield>
<subfield code="e">editor.</subfield>
</datafield>
<datafield tag="880" ind1="2" ind2=" ">
<subfield code="6">710-06/</subfield>
<subfield code="a">&#1048;&#1085;&#1089;&#1090;&#1080;&#1090;&#1091;&#1090; &#1080;&#1089;&#1090;&#1086;&#1088;&#1080;&#1080; &#1084;&#1072;&#1090;&#1077;&#1088;&#1080;&#1072;&#1083;&#1100;&#1085;&#1086;&#1081; &#1082;&#1091;&#1083;&#1100;&#1090;&#1091;&#1088;&#1099; (&#1056;&#1086;&#1089;&#1089;&#1080;&#1081;&#1089;&#1082;&#1072;&#1103; &#1072;&#1082;&#1072;&#1076;&#1077;&#1084;&#1080;&#1103; &#1085;&#1072;&#1091;&#1082;),</subfield>
<subfield code="e">issuing body.</subfield>
</datafield>
<datafield tag="830" ind1=" " ind2="0">
<subfield code="a">Arkheologicheskie izyskanii&#865;a ;</subfield>
<subfield code="v">no 13.</subfield>
</datafield>
<datafield tag="OWN" ind1=" " ind2=" ">
<subfield code="a">GENERAL</subfield>
</datafield>
<datafield tag="AVA" ind1=" " ind2=" ">
<subfield code="a">NYU50</subfield>
<subfield code="b">NISAW</subfield>
<subfield code="c">Small Collection</subfield>
<subfield code="d">CB311 .V97 1994 Non-circulating</subfield>
<subfield code="e">available</subfield>
<subfield code="t">Available</subfield>
<subfield code="f">1</subfield>
<subfield code="g">0</subfield>
<subfield code="h">N</subfield>
<subfield code="i">0</subfield>
<subfield code="j">SMALL</subfield>
<subfield code="k">0</subfield>
</datafield>
</record>