<record xmlns="http://www.loc.gov/MARC21/slim" xmlns:xsi="http://www.w3.org/2001/XMLSchema-instance" xsi:schemaLocation="http://www.loc.gov/MARC21/slim http://www.loc.gov/standards/marcxml/schema/MARC21slim.xsd">
<leader>00000nam a22     Ii 4500</leader>
<controlfield tag="FMT">BK</controlfield>
<controlfield tag="LDR">00000nam a22     Ii 4500</controlfield>
<controlfield tag="001">006214745</controlfield>
<controlfield tag="005">20180620115137.0</controlfield>
<controlfield tag="008">180620s2017    ru ab    b    100 0 rus</controlfield>
<datafield tag="020" ind1=" " ind2=" ">
<subfield code="a">9785780302704</subfield>
</datafield>
<datafield tag="020" ind1=" " ind2=" ">
<subfield code="a">5780302707</subfield>
</datafield>
<datafield tag="035" ind1=" " ind2=" ">
<subfield code="a">(OCoLC)1041142148</subfield>
</datafield>
<datafield tag="040" ind1=" " ind2=" ">
<subfield code="a">ZYU</subfield>
<subfield code="b">eng</subfield>
<subfield code="e">rda</subfield>
<subfield code="c">ZYU</subfield>
</datafield>
<datafield tag="041" ind1="0" ind2=" ">
<subfield code="a">rus</subfield>
<subfield code="a">eng</subfield>
<subfield code="a">ger</subfield>
</datafield>
<datafield tag="043" ind1=" " ind2=" ">
<subfield code="a">e-ur---</subfield>
<subfield code="a">me-----</subfield>
</datafield>
<datafield tag="050" ind1=" " ind2="4">
<subfield code="a">CC75</subfield>
<subfield code="b">.M85 2015</subfield>
</datafield>
<datafield tag="111" ind1="2" ind2=" ">
<subfield code="a">Mezhdunarodny&#301; simpozium "Mul&#697;tidist&#865;siplinarnye metody v arkheologii : nove&#301;shie itogi i perspektivy"</subfield>
<subfield code="d">(2015 :</subfield>
<subfield code="c">Novosibirsk, Russia)</subfield>
</datafield>
<datafield tag="245" ind1="1" ind2="0">
<subfield code="6">880-01</subfield>
<subfield code="a">Mul&#697;tidist&#865;siplinarnye metody v arkheologii : nove&#301;shie itogi i perspektivy :</subfield>
<subfield code="b">materialy mezhdunarodnogo simpoziuma "Mul&#697;tidist&#865;siplinarnye metody v arkheologii : nove&#301;shie itogi i perspektivy", (22-26 ii&#865;uni&#65056;a 2015 g., Novosibirsk) = Multidisciplinary approach to archaeology: recent achievementes and prospects; Proceedings of the International Symposium "Multidisciplinary approach to archaeology: recent achievementes and prospects" (June 22-26, 2015, Novosibirsk) = Multidisziplin&#228;re Methoden in der Arch&#228;ologie: Aktuelle Ergebnisse und Zukunftsperspektiven; Materialien des Internationalen Symposium "Multidisziplin&#228;re Methoden in der Arch&#228;ologie: Aktuelle Ergebnisse und Zukunftsperspektiven (von 22. bis 26. Juni 2015, Nowosibirsk) /</subfield>
<subfield code="c">Otvetstvennye redaktory: akad. V.I. Molodin, prof. S. Khansen.</subfield>
</datafield>
<datafield tag="246" ind1="3" ind2="1">
<subfield code="a">Multidisciplinary approach to archaeology: recent achievementes and prospects; Proceedings of the International Symposium "Multidisciplinary approach to archaeology: recent achievementes and prospects" (June 22-26, 2015, Novosibirsk)</subfield>
</datafield>
<datafield tag="246" ind1="3" ind2="1">
<subfield code="a">Multidisziplin&#228;re Methoden in der Arch&#228;ologie: Aktuelle Ergebnisse und Zukunftsperspektiven; Materialien des Internationalen Symposium "Multidisziplin&#228;re Methoden in der Arch&#228;ologie: Aktuelle Ergebnisse und Zukunftsperspektiven (von 22. bis 26. Juni 2015, Nowosibirsk)</subfield>
</datafield>
<datafield tag="264" ind1=" " ind2="1">
<subfield code="6">880-02</subfield>
<subfield code="a">Novosibirsk :</subfield>
<subfield code="b">Izdatel&#697;stvo Instituta arkheologii i &#279;tnografii SO RAN,</subfield>
<subfield code="c">2017.</subfield>
</datafield>
<datafield tag="300" ind1=" " ind2=" ">
<subfield code="a">447 pages :</subfield>
<subfield code="b">illustrations (some color), maps ;</subfield>
<subfield code="c">29 cm</subfield>
</datafield>
<datafield tag="336" ind1=" " ind2=" ">
<subfield code="a">text</subfield>
<subfield code="2">rdacontent</subfield>
</datafield>
<datafield tag="337" ind1=" " ind2=" ">
<subfield code="a">unmediated</subfield>
<subfield code="2">rdamedia</subfield>
</datafield>
<datafield tag="338" ind1=" " ind2=" ">
<subfield code="a">volume</subfield>
<subfield code="2">rdacarrier</subfield>
</datafield>
<datafield tag="500" ind1=" " ind2=" ">
<subfield code="6">880-03</subfield>
<subfield code="a">"Nauchnoe izdanie"--Colophon.</subfield>
</datafield>
<datafield tag="500" ind1=" " ind2=" ">
<subfield code="6">880-04</subfield>
<subfield code="a">At head of title: Federal&#697;noe agenstvo (sic!) nauchnykh organizat&#865;si&#301;. Institut arkheologii i &#279;tnografii Sibirskogo otdelenii&#865;aa Rossi&#301;sko&#301; akademii nauk [and two others].</subfield>
</datafield>
<datafield tag="504" ind1=" " ind2=" ">
<subfield code="a">Includes bibliographical references.</subfield>
</datafield>
<datafield tag="546" ind1=" " ind2=" ">
<subfield code="a">In Russian; 3 papers in English, 6 in German.</subfield>
</datafield>
<datafield tag="650" ind1=" " ind2="0">
<subfield code="a">Archaeology</subfield>
<subfield code="x">Methodology</subfield>
<subfield code="v">Congresses.</subfield>
</datafield>
<datafield tag="650" ind1=" " ind2="0">
<subfield code="a">Excavations (Archaeology)</subfield>
<subfield code="z">Russia</subfield>
<subfield code="v">Congresses.</subfield>
</datafield>
<datafield tag="650" ind1=" " ind2="0">
<subfield code="a">Bronze age</subfield>
<subfield code="z">Eurasia</subfield>
<subfield code="v">Congresses.</subfield>
</datafield>
<datafield tag="650" ind1=" " ind2="0">
<subfield code="a">Iron age</subfield>
<subfield code="z">Eurasia</subfield>
<subfield code="v">Congresses.</subfield>
</datafield>
<datafield tag="700" ind1="1" ind2=" ">
<subfield code="6">880-05</subfield>
<subfield code="a">Molodin, V. I.</subfield>
<subfield code="q">(Vi&#865;acheslav Ivanovich),</subfield>
<subfield code="d">1948-</subfield>
<subfield code="e">editor.</subfield>
</datafield>
<datafield tag="700" ind1="1" ind2=" ">
<subfield code="a">Hansen, Svend,</subfield>
<subfield code="e">editor.</subfield>
</datafield>
<datafield tag="710" ind1="2" ind2=" ">
<subfield code="a">Institut arkheologii i &#279;tnografii (Rossi&#301;skai&#865;a akademii&#865;a nauk. Sibirskoe otdeleniie),</subfield>
<subfield code="e">issuing body.</subfield>
</datafield>
<datafield tag="880" ind1="1" ind2="0">
<subfield code="6">245-01/</subfield>
<subfield code="a">&#1052;&#1091;&#1083;&#1100;&#1090;&#1080;&#1076;&#1080;&#1089;&#1094;&#1080;&#1087;&#1083;&#1080;&#1085;&#1072;&#1088;&#1085;&#1099;&#1077; &#1084;&#1077;&#1090;&#1086;&#1076;&#1099; &#1074; &#1072;&#1088;&#1093;&#1077;&#1086;&#1083;&#1086;&#1075;&#1080;&#1080; : &#1085;&#1086;&#1074;&#1077;&#1081;&#1096;&#1080;&#1077; &#1080;&#1090;&#1086;&#1075;&#1080; &#1080; &#1087;&#1077;&#1088;&#1089;&#1087;&#1077;&#1082;&#1090;&#1080;&#1074;&#1099; :</subfield>
<subfield code="b">&#1084;&#1072;&#1090;&#1077;&#1088;&#1080;&#1072;&#1083;&#1099; &#1084;&#1077;&#1078;&#1076;&#1091;&#1085;&#1072;&#1088;&#1086;&#1076;&#1085;&#1086;&#1075;&#1086; &#1089;&#1080;&#1084;&#1087;&#1086;&#1079;&#1080;&#1091;&#1084;&#1072; "&#1052;&#1091;&#1083;&#1100;&#1090;&#1080;&#1076;&#1080;&#1089;&#1094;&#1080;&#1087;&#1083;&#1080;&#1085;&#1072;&#1088;&#1085;&#1099;&#1077; &#1084;&#1077;&#1090;&#1086;&#1076;&#1099; &#1074; &#1072;&#1088;&#1093;&#1077;&#1086;&#1083;&#1086;&#1075;&#1080;&#1080; : &#1085;&#1086;&#1074;&#1077;&#1081;&#1096;&#1080;&#1077; &#1080;&#1090;&#1086;&#1075;&#1080; &#1080; &#1087;&#1077;&#1088;&#1089;&#1087;&#1077;&#1082;&#1090;&#1080;&#1074;&#1099;", (22-26 &#1080;&#1102;&#1085;&#1103; 2015 &#1075;., &#1053;&#1086;&#1074;&#1086;&#1089;&#1080;&#1073;&#1080;&#1088;&#1089;&#1082;) = Multidisciplinary approach to archaeology: recent achievementes and prospects; Proceedings of the International Symposium "Multidisciplinary approach to archaeology: recent achievementes and prospects" (June 22-26, 2015, Novosibirsk) = Multidisziplin&#228;re Methoden in der Arch&#228;ologie: Aktuelle Ergebnisse und Zukunftsperspektiven; Materialien des Internationalen Symposium "Multidisziplin&#228;re Methoden in der Arch&#228;ologie: Aktuelle Ergebnisse und Zukunftsperspektiven (von 22. bis 26. Juni 2015, Nowosibirsk) /</subfield>
<subfield code="c">&#1054;&#1090;&#1074;&#1077;&#1090;&#1089;&#1090;&#1074;&#1077;&#1085;&#1085;&#1099;&#1077; &#1088;&#1077;&#1076;&#1072;&#1082;&#1090;&#1086;&#1088;&#1099;: &#1072;&#1082;&#1072;&#1076;. &#1042;.&#1048;. &#1052;&#1086;&#1083;&#1086;&#1076;&#1080;&#1085;, &#1087;&#1088;&#1086;&#1092;. &#1057;. &#1061;&#1072;&#1085;&#1089;&#1077;&#1085;.</subfield>
</datafield>
<datafield tag="880" ind1=" " ind2="1">
<subfield code="6">264-02/</subfield>
<subfield code="a">&#1053;&#1086;&#1074;&#1086;&#1089;&#1080;&#1073;&#1080;&#1088;&#1089;&#1082; :</subfield>
<subfield code="b">&#1048;&#1079;&#1076;&#1072;&#1090;&#1077;&#1083;&#1100;&#1089;&#1090;&#1074;&#1086; &#1048;&#1085;&#1089;&#1090;&#1080;&#1090;&#1091;&#1090;&#1072; &#1072;&#1088;&#1093;&#1077;&#1086;&#1083;&#1086;&#1075;&#1080;&#1080; &#1080; &#1101;&#1090;&#1085;&#1086;&#1075;&#1088;&#1072;&#1092;&#1080;&#1080; &#1057;&#1054; &#1056;&#1040;&#1053;,</subfield>
<subfield code="c">2017.</subfield>
</datafield>
<datafield tag="880" ind1=" " ind2=" ">
<subfield code="6">500-03/</subfield>
<subfield code="a">"&#1053;&#1072;&#1091;&#1095;&#1085;&#1086;&#1077; &#1080;&#1079;&#1076;&#1072;&#1085;&#1080;&#1077;"--Colophon.</subfield>
</datafield>
<datafield tag="880" ind1=" " ind2=" ">
<subfield code="6">500-04/</subfield>
<subfield code="a">&#1040;t head of title: &#1060;&#1077;&#1076;&#1077;&#1088;&#1072;&#1083;&#1100;&#1085;&#1086;&#1077; &#1072;&#1075;&#1077;&#1085;&#1089;&#1090;&#1074;&#1086; (sic!) &#1085;&#1072;&#1091;&#1095;&#1085;&#1099;&#1093; &#1086;&#1088;&#1075;&#1072;&#1085;&#1080;&#1079;&#1072;&#1094;&#1080;&#1081;. &#1048;&#1085;&#1089;&#1090;&#1080;&#1090;&#1091;&#1090; &#1072;&#1088;&#1093;&#1077;&#1086;&#1083;&#1086;&#1075;&#1080;&#1080; &#1080; &#1101;&#1090;&#1085;&#1086;&#1075;&#1088;&#1072;&#1092;&#1080;&#1080; &#1057;&#1080;&#1073;&#1080;&#1088;&#1089;&#1082;&#1086;&#1075;&#1086; &#1086;&#1090;&#1076;&#1077;&#1083;&#1077;&#1085;&#1080;&#1103;&#1072; &#1056;&#1086;&#1089;&#1089;&#1080;&#1081;&#1089;&#1082;&#1086;&#1081; &#1072;&#1082;a&#1076;&#1077;&#1084;&#1080;&#1080; &#1085;&#1072;&#1091;&#1082; [and two others].</subfield>
</datafield>
<datafield tag="880" ind1="1" ind2=" ">
<subfield code="6">700-05/</subfield>
<subfield code="a">Mo&#1083;&#1086;&#1076;&#1080;&#1085;, &#1042;. &#1048;.</subfield>
<subfield code="q">(&#1042;&#1103;&#1095;&#1077;&#1089;&#1083;&#1072;&#1074; &#1048;&#1074;&#1072;&#1085;&#1086;&#1074;&#1080;&#1095;),</subfield>
<subfield code="d">1948-</subfield>
<subfield code="e">editor.</subfield>
</datafield>
<datafield tag="880" ind1="2" ind2=" ">
<subfield code="6">710-00/</subfield>
<subfield code="a">&#1048;&#1085;&#1089;&#1090;&#1080;&#1090;&#1091;&#1090; &#1072;&#1088;&#1093;&#1077;&#1086;&#1083;&#1086;&#1075;&#1080;&#1080; &#1080; &#1101;&#1090;&#1085;&#1086;&#1075;&#1088;&#1072;&#1092;&#1080;&#1080; (&#1056;&#1086;&#1089;&#1089;&#1080;&#1081;&#1089;&#1082;&#1072;&#1103; &#1072;&#1082;&#1072;&#1076;&#1077;&#1084;&#1080;&#1103; &#1085;&#1072;&#1091;&#1082;. &#1057;&#1080;&#1073;&#1080;&#1088;&#1089;&#1082;&#1086;&#1077; &#1086;&#1090;&#1076;&#1077;&#1083;&#1077;&#1085;&#1080;&#1077;),</subfield>
<subfield code="e">issuing body.</subfield>
</datafield>
<datafield tag="OWN" ind1=" " ind2=" ">
<subfield code="a">GENERAL</subfield>
</datafield>
<datafield tag="AVA" ind1=" " ind2=" ">
<subfield code="a">NYU50</subfield>
<subfield code="b">NISAW</subfield>
<subfield code="c">Large Collection</subfield>
<subfield code="d">CC75 .M85 2015 Non-circulating</subfield>
<subfield code="e">available</subfield>
<subfield code="t">Available</subfield>
<subfield code="f">1</subfield>
<subfield code="g">0</subfield>
<subfield code="h">N</subfield>
<subfield code="i">0</subfield>
<subfield code="j">LARGE</subfield>
<subfield code="k">0</subfield>
</datafield>
</record>