<record xmlns="http://www.loc.gov/MARC21/slim" xmlns:xsi="http://www.w3.org/2001/XMLSchema-instance" xsi:schemaLocation="http://www.loc.gov/MARC21/slim http://www.loc.gov/standards/marcxml/schema/MARC21slim.xsd">
<leader>00000nam a22     Ii 4500</leader>
<controlfield tag="FMT">BK</controlfield>
<controlfield tag="LDR">00000nam a22     Ii 4500</controlfield>
<controlfield tag="001">006203562</controlfield>
<controlfield tag="005">20180605160025.0</controlfield>
<controlfield tag="008">180605t20182018gw ab    b    001 0 eng d</controlfield>
<datafield tag="020" ind1=" " ind2=" ">
<subfield code="a">9783110541366</subfield>
</datafield>
<datafield tag="020" ind1=" " ind2=" ">
<subfield code="a">311054136X</subfield>
</datafield>
<datafield tag="035" ind1=" " ind2=" ">
<subfield code="a">(OCoLC)1038787660</subfield>
</datafield>
<datafield tag="040" ind1=" " ind2=" ">
<subfield code="a">ZYU</subfield>
<subfield code="b">eng</subfield>
<subfield code="e">rda</subfield>
<subfield code="c">ZYU</subfield>
</datafield>
<datafield tag="050" ind1=" " ind2="4">
<subfield code="a">CD931</subfield>
<subfield code="b">.M36 2018</subfield>
</datafield>
<datafield tag="245" ind1="0" ind2="0">
<subfield code="a">Manuscripts and archives :</subfield>
<subfield code="b">comparative views on record-keeping /</subfield>
<subfield code="c">edited by Alessandro Bausi, Christian Brockmann, Michael Friedrich, Sabine Kienitz.</subfield>
</datafield>
<datafield tag="264" ind1=" " ind2="1">
<subfield code="a">Berlin ;</subfield>
<subfield code="a">Boston :</subfield>
<subfield code="b">De Gruyter,</subfield>
<subfield code="c">[2018]</subfield>
</datafield>
<datafield tag="264" ind1=" " ind2="4">
<subfield code="c">&#169;2018</subfield>
</datafield>
<datafield tag="300" ind1=" " ind2=" ">
<subfield code="a">462</subfield>
<subfield code="b">illustrations (some color), maps ;</subfield>
<subfield code="c">24 cm</subfield>
</datafield>
<datafield tag="336" ind1=" " ind2=" ">
<subfield code="a">text</subfield>
<subfield code="b">txt</subfield>
<subfield code="2">rdacontent</subfield>
</datafield>
<datafield tag="337" ind1=" " ind2=" ">
<subfield code="a">unmediated</subfield>
<subfield code="b">n</subfield>
<subfield code="2">rdamedia</subfield>
</datafield>
<datafield tag="338" ind1=" " ind2=" ">
<subfield code="a">volume</subfield>
<subfield code="b">nc</subfield>
<subfield code="2">rdacarrier</subfield>
</datafield>
<datafield tag="490" ind1="1" ind2=" ">
<subfield code="a">Studies in manuscript cultures ;</subfield>
<subfield code="v">v. 11</subfield>
</datafield>
<datafield tag="500" ind1=" " ind2=" ">
<subfield code="a">Eight of the papers were originally presented at a conference, Manuscripts and Archives, organized by the Centre for the Study of Manuscript Cultures, University of Hamburg, November 19-22, 2014.</subfield>
</datafield>
<datafield tag="504" ind1=" " ind2=" ">
<subfield code="a">Includes bibliographical references and indexes.</subfield>
</datafield>
<datafield tag="505" ind1="0" ind2="0">
<subfield code="t">How to distinguish between manuscripts and archival records : a study in archival theory /</subfield>
<subfield code="r">Dietmar Schenk --</subfield>
<subfield code="t">Archives from Tibet and the Himalayan Borderlands : notes on form and content /</subfield>
<subfield code="r">Charles Ramble --</subfield>
<subfield code="t">Constitution, contents, filing and use of private archives : the case of old Assyrian archives (nineteenth century BCE) /</subfield>
<subfield code="r">C&#233;cile Michel --</subfield>
<subfield code="t">Archives in Ancient Egypt, 2500-1000 BCE /</subfield>
<subfield code="r">Fredrik Hagen ; with a contribution by Daniel Soliman --</subfield>
<subfield code="t">Archives and libraries in Greco-Roman Egypt /</subfield>
<subfield code="r">Jean-Luc Fournet --</subfield>
<subfield code="t">Libraries and archives in the former Han Dynasty (206 BCE-9 CE) : arguing for a distinction /</subfield>
<subfield code="r">Max Jakob F&#246;lster --</subfield>
<subfield code="t">Setting a bishopric--arranging an archive : traces of archival activity in the bishopric of Alexandria and Antioch /</subfield>
<subfield code="r">Alberto Camplani --</subfield>
<subfield code="t">Documents, acts and archival habits in early Christian church councils : a case study /</subfield>
<subfield code="r">Thomas Graumann --</subfield>
<subfield code="t">Weighing in on evidence : documents and literary manuscripts in early medieval Japan /</subfield>
<subfield code="r">Mikael S. Adolphson --</subfield>
<subfield code="t">Securing and preserving written documents in Byzantium /</subfield>
<subfield code="r">Michael Gr&#252;nbart --</subfield>
<subfield code="t">Archival practices in the Muslim world prior to 1500 /</subfield>
<subfield code="r">J&#252;rgen Paul --</subfield>
<subfield code="t">The power of the pen : Cadis and their archives /</subfield>
<subfield code="r">Christian M&#252;ller --</subfield>
<subfield code="t">Indian copper-plate grants : inscriptions or documents? /</subfield>
<subfield code="r">Emmanuel Francis --</subfield>
<subfield code="t">Epilogue: archives and archiving across cultures--towards a matrix of analysis /</subfield>
<subfield code="r">Markus Friedrich.</subfield>
</datafield>
<datafield tag="520" ind1=" " ind2=" ">
<subfield code="a">"Archives are considered to be collections of administrative, legal, commercial and other records or the actual place where they are located. They have become ubiquitous in the modern world, but emerged not much later than the invention of writing. Following Foucault, who first used the word archive in a metaphorical sense as 'the general system of the formation and transformation of statements' in his 'Archaeology of knowledge' (1969), postmodern theorists have tried to exploit the potential of this concept and initiated the 'archival turn'. In recent years, however, archives have attracted the attention of anthropologists and historians of different denominations regarding them as historical objects and 'grounding' them again in real institutions. The papers in this volume explore the complex topic of the archive in a historical, systematic and comparative context and view it in the broader context of manuscript cultures by addressing questions like how, by whom and for which purpose were archival records produced, and if they differ from literary manuscripts regarding materials, formats, and producers (scribes)."--Publisher's website</subfield>
</datafield>
<datafield tag="650" ind1=" " ind2="0">
<subfield code="a">Archives</subfield>
<subfield code="x">History.</subfield>
</datafield>
<datafield tag="650" ind1=" " ind2="0">
<subfield code="a">Archives</subfield>
<subfield code="x">Philosophy.</subfield>
</datafield>
<datafield tag="650" ind1=" " ind2="0">
<subfield code="a">Archives</subfield>
<subfield code="x">Methodology.</subfield>
</datafield>
<datafield tag="650" ind1=" " ind2="0">
<subfield code="a">Manuscripts.</subfield>
</datafield>
<datafield tag="700" ind1="1" ind2=" ">
<subfield code="a">Bausi, Alessandro,</subfield>
<subfield code="e">editor.</subfield>
</datafield>
<datafield tag="700" ind1="1" ind2=" ">
<subfield code="a">Brockmann, Christian,</subfield>
<subfield code="e">editor.</subfield>
</datafield>
<datafield tag="700" ind1="1" ind2=" ">
<subfield code="a">Friedrich, Michael,</subfield>
<subfield code="d">1955-</subfield>
<subfield code="e">editor.</subfield>
</datafield>
<datafield tag="700" ind1="1" ind2=" ">
<subfield code="a">Kienitz, Sabine,</subfield>
<subfield code="d">1958-</subfield>
<subfield code="e">editor.</subfield>
</datafield>
<datafield tag="830" ind1=" " ind2="0">
<subfield code="a">Studies in manuscript cultures ;</subfield>
<subfield code="v">v. 11.</subfield>
</datafield>
<datafield tag="OWN" ind1=" " ind2=" ">
<subfield code="a">GENERAL</subfield>
</datafield>
<datafield tag="AVA" ind1=" " ind2=" ">
<subfield code="a">NYU50</subfield>
<subfield code="b">NISAW</subfield>
<subfield code="c">Small Collection</subfield>
<subfield code="d">CD931 .M36 2018 Non-circulating</subfield>
<subfield code="e">available</subfield>
<subfield code="t">Available</subfield>
<subfield code="f">1</subfield>
<subfield code="g">0</subfield>
<subfield code="h">N</subfield>
<subfield code="i">0</subfield>
<subfield code="j">SMALL</subfield>
<subfield code="k">0</subfield>
</datafield>
</record>