<record xmlns="http://www.loc.gov/MARC21/slim" xmlns:xsi="http://www.w3.org/2001/XMLSchema-instance" xsi:schemaLocation="http://www.loc.gov/MARC21/slim http://www.loc.gov/standards/marcxml/schema/MARC21slim.xsd">
<leader>00000nam a22     Ii 4500</leader>
<controlfield tag="FMT">BK</controlfield>
<controlfield tag="LDR">00000nam a22     Ii 4500</controlfield>
<controlfield tag="001">006207451</controlfield>
<controlfield tag="005">20180622155833.0</controlfield>
<controlfield tag="008">180615s2017    ru a     b    001 0 rus</controlfield>
<datafield tag="020" ind1=" " ind2=" ">
<subfield code="a">9785446903795</subfield>
</datafield>
<datafield tag="020" ind1=" " ind2=" ">
<subfield code="a">544690379X</subfield>
</datafield>
<datafield tag="035" ind1=" " ind2=" ">
<subfield code="a">(OCoLC)1040592538</subfield>
</datafield>
<datafield tag="040" ind1=" " ind2=" ">
<subfield code="a">ZYU</subfield>
<subfield code="b">eng</subfield>
<subfield code="e">rda</subfield>
<subfield code="c">ZYU</subfield>
</datafield>
<datafield tag="041" ind1="0" ind2=" ">
<subfield code="a">rus</subfield>
<subfield code="b">eng</subfield>
</datafield>
<datafield tag="043" ind1=" " ind2=" ">
<subfield code="a">e-un---</subfield>
</datafield>
<datafield tag="050" ind1=" " ind2="4">
<subfield code="a">CN398.U5</subfield>
<subfield code="b">I13 2017</subfield>
</datafield>
<datafield tag="100" ind1="1" ind2=" ">
<subfield code="6">880-01</subfield>
<subfield code="a">I&#865;A&#301;lenko, V. P.</subfield>
<subfield code="q">(Valeri&#301; Petrovich),</subfield>
<subfield code="e">author.</subfield>
</datafield>
<datafield tag="245" ind1="1" ind2="0">
<subfield code="6">880-02</subfield>
<subfield code="a">Istorii&#865;a i &#279;pigrafika Ol&#697;vii, Khrsonesa i Bospora VII v. do n. &#279;. - VII v. n. &#279;. =</subfield>
<subfield code="b">History and epigraphy of Olbia, Chersonesus and the Bosporus 7th Century B.C. - 7th Century A.D. /</subfield>
<subfield code="c">V. P. I&#865;A&#301;lenko.</subfield>
</datafield>
<datafield tag="246" ind1="3" ind2="1">
<subfield code="a">History and epigraphy of Olbia, Chersonesus and the Bosporus 7th Century B.C. - 7th Century A.D.</subfield>
</datafield>
<datafield tag="260" ind1=" " ind2=" ">
<subfield code="6">880-03</subfield>
<subfield code="a">Sankt-Peterburg :</subfield>
<subfield code="b">Nestor-Istorii&#865;a,</subfield>
<subfield code="c">2017.</subfield>
</datafield>
<datafield tag="300" ind1=" " ind2=" ">
<subfield code="a">1023 pages :</subfield>
<subfield code="b">illustrations;</subfield>
<subfield code="c">25 cm</subfield>
</datafield>
<datafield tag="336" ind1=" " ind2=" ">
<subfield code="a">text</subfield>
<subfield code="b">txt</subfield>
<subfield code="2">rdacontent</subfield>
</datafield>
<datafield tag="337" ind1=" " ind2=" ">
<subfield code="a">unmediated</subfield>
<subfield code="b">n</subfield>
<subfield code="2">rdamedia</subfield>
</datafield>
<datafield tag="338" ind1=" " ind2=" ">
<subfield code="a">volume</subfield>
<subfield code="b">nc</subfield>
<subfield code="2">rdacarrier</subfield>
</datafield>
<datafield tag="490" ind1="1" ind2=" ">
<subfield code="a">Istoricheskie issledovanii&#865;a</subfield>
</datafield>
<datafield tag="500" ind1=" " ind2=" ">
<subfield code="a">Added t.p. and table of content also in English.</subfield>
</datafield>
<datafield tag="500" ind1=" " ind2=" ">
<subfield code="6">880-04</subfield>
<subfield code="a">"Nauchnoe izdanie"--Colophon.</subfield>
</datafield>
<datafield tag="504" ind1=" " ind2=" ">
<subfield code="a">Includes bibliographical references (pages 922-[984] and index.</subfield>
</datafield>
<datafield tag="650" ind1=" " ind2="0">
<subfield code="a">Inscriptions, Greek</subfield>
<subfield code="z">Ukraine</subfield>
<subfield code="z">Olbia (Extinct city)</subfield>
</datafield>
<datafield tag="650" ind1=" " ind2="0">
<subfield code="a">Greek language</subfield>
<subfield code="x">Dialects</subfield>
<subfield code="z">Ukraine</subfield>
<subfield code="z">Olbia (Extinct city)</subfield>
</datafield>
<datafield tag="650" ind1=" " ind2="0">
<subfield code="a">Inscriptions, Greek</subfield>
<subfield code="z">Ukraine</subfield>
<subfield code="z">Chersonese (Extinct city)</subfield>
</datafield>
<datafield tag="650" ind1=" " ind2="0">
<subfield code="a">Greek language</subfield>
<subfield code="x">Dialects</subfield>
<subfield code="z">Ukraine</subfield>
<subfield code="z">Chersonese (Extinct city)</subfield>
</datafield>
<datafield tag="650" ind1=" " ind2="0">
<subfield code="a">Inscriptions, Greek</subfield>
<subfield code="z">Cimmerian Bosporus (Kingdom)</subfield>
</datafield>
<datafield tag="651" ind1=" " ind2="0">
<subfield code="a">Cimmerian Bosporus (Kingdom)</subfield>
<subfield code="x">History.</subfield>
</datafield>
<datafield tag="651" ind1=" " ind2="7">
<subfield code="a">Cimmerius Bosp(h)orus.</subfield>
<subfield code="2">pleiades</subfield>
<subfield code="0">https://pleiades.stoa.org/places/854675</subfield>
</datafield>
<datafield tag="651" ind1=" " ind2="7">
<subfield code="a">Borysthenes/Olbia.</subfield>
<subfield code="2">pleiades</subfield>
<subfield code="0">https://pleiades.stoa.org/places/226546</subfield>
</datafield>
<datafield tag="651" ind1=" " ind2="7">
<subfield code="a">Chersonesos.</subfield>
<subfield code="2">pleiades</subfield>
<subfield code="0">https://pleiades.stoa.org/places/226564</subfield>
</datafield>
<datafield tag="880" ind1="1" ind2=" ">
<subfield code="6">100-01/</subfield>
<subfield code="a">&#1071;&#1081;&#1083;&#1077;&#1085;&#1082;&#1086;, &#1042;. &#1055;.</subfield>
<subfield code="q">(&#1042;&#1072;&#1083;&#1077;&#1088;&#1080;&#1081; &#1055;&#1077;&#1090;&#1088;&#1086;&#1074;&#1080;&#1095;),</subfield>
<subfield code="e">author.</subfield>
</datafield>
<datafield tag="880" ind1="1" ind2="0">
<subfield code="6">245-02/</subfield>
<subfield code="a">&#1048;&#1089;&#1090;&#1086;&#1088;&#1080;&#1103; &#1080; &#1101;&#1087;&#1080;&#1075;&#1088;&#1072;&#1092;&#1080;&#1082;&#1072; &#1054;&#1083;&#1100;&#1074;&#1080;&#1080;, &#1061;&#1088;&#1089;&#1086;&#1085;&#1077;&#1089;&#1072; &#1080; &#1041;&#1086;&#1089;&#1087;&#1086;&#1088;&#1072; VII &#1074;. &#1076;&#1086; &#1085;. &#1101;. - VII &#1074;. &#1085;. &#1101;. =</subfield>
<subfield code="b">History and epigraphy of Olbia, Chersonesus and the Bosporus 7th Century B.C. - 7th Century A.D. / /</subfield>
<subfield code="c">&#1042;. &#1055;. &#1071;&#1081;&#1083;&#1077;&#1085;&#1082;&#1086;.</subfield>
</datafield>
<datafield tag="880" ind1=" " ind2=" ">
<subfield code="6">260-03/</subfield>
<subfield code="a">&#1057;&#1072;&#1085;&#1082;&#1090;-&#1055;&#1077;&#1090;&#1077;&#1088;&#1073;&#1091;&#1088;&#1075; :</subfield>
<subfield code="b">&#1053;&#1077;&#1089;&#1090;&#1086;&#1088;-&#1048;&#1089;&#1090;&#1086;&#1088;&#1080;&#1103;,</subfield>
<subfield code="c">2017.</subfield>
</datafield>
<datafield tag="880" ind1=" " ind2=" ">
<subfield code="6">500-04/</subfield>
<subfield code="a">"&#1053;&#1072;&#1091;&#1095;&#1085;&#1086;&#1077; &#1080;&#1079;&#1076;&#1072;&#1085;&#1080;&#1077;"--Colophon.</subfield>
</datafield>
<datafield tag="830" ind1=" " ind2="0">
<subfield code="a">Istoricheskie issledovanii&#865;a (Sankt-Peterburgski&#301; gosudarstvenny&#301; universitet. Filologicheski&#301; fakul&#697;tet)</subfield>
</datafield>
<datafield tag="OWN" ind1=" " ind2=" ">
<subfield code="a">GENERAL</subfield>
</datafield>
<datafield tag="AVA" ind1=" " ind2=" ">
<subfield code="a">NYU50</subfield>
<subfield code="b">NISAW</subfield>
<subfield code="c">Small Collection</subfield>
<subfield code="d">CN398.U5 I13 2017 Non-circulating</subfield>
<subfield code="e">available</subfield>
<subfield code="t">Available</subfield>
<subfield code="f">1</subfield>
<subfield code="g">0</subfield>
<subfield code="h">N</subfield>
<subfield code="i">0</subfield>
<subfield code="j">SMALL</subfield>
<subfield code="k">0</subfield>
</datafield>
</record>