<record xmlns="http://www.loc.gov/MARC21/slim" xmlns:xsi="http://www.w3.org/2001/XMLSchema-instance" xsi:schemaLocation="http://www.loc.gov/MARC21/slim http://www.loc.gov/standards/marcxml/schema/MARC21slim.xsd">
<leader>00000cam a22     Ii 4500</leader>
<controlfield tag="FMT">BK</controlfield>
<controlfield tag="LDR">00000cam a22     Ii 4500</controlfield>
<controlfield tag="001">006207596</controlfield>
<controlfield tag="005">20180622161648.0</controlfield>
<controlfield tag="008">180618m18831885gw       b    001 0 grc d</controlfield>
<datafield tag="035" ind1=" " ind2=" ">
<subfield code="a">(OCoLC)2184270</subfield>
<subfield code="z">(OCoLC)222424181</subfield>
</datafield>
<datafield tag="040" ind1=" " ind2=" ">
<subfield code="a">OSU</subfield>
<subfield code="b">eng</subfield>
<subfield code="c">OSU</subfield>
<subfield code="d">OCL</subfield>
<subfield code="d">OCLCG</subfield>
<subfield code="d">OCLCQ</subfield>
<subfield code="d">OCLCO</subfield>
<subfield code="d">OCLCQ</subfield>
<subfield code="d">AU@</subfield>
<subfield code="d">OCLCF</subfield>
<subfield code="d">ZYU</subfield>
</datafield>
<datafield tag="041" ind1="0" ind2=" ">
<subfield code="a">grc</subfield>
<subfield code="a">lat</subfield>
<subfield code="a">ger</subfield>
</datafield>
<datafield tag="043" ind1=" " ind2=" ">
<subfield code="a">mm-----</subfield>
</datafield>
<datafield tag="050" ind1=" " ind2="4">
<subfield code="a">D17</subfield>
<subfield code="b">.T5 1883</subfield>
</datafield>
<datafield tag="100" ind1="0" ind2=" ">
<subfield code="a">Theophanes Confessor,</subfield>
<subfield code="d">-817.</subfield>
</datafield>
<datafield tag="245" ind1="1" ind2="0">
<subfield code="a">Chronographia /</subfield>
<subfield code="c">Theophanis ; recensuit Carolus de Boor.</subfield>
</datafield>
<datafield tag="260" ind1=" " ind2=" ">
<subfield code="a">Lipsiae :</subfield>
<subfield code="b">Teubneri,</subfield>
<subfield code="c">1883-85.</subfield>
</datafield>
<datafield tag="300" ind1=" " ind2=" ">
<subfield code="a">2 volumes ;</subfield>
<subfield code="c">24 cm</subfield>
</datafield>
<datafield tag="336" ind1=" " ind2=" ">
<subfield code="a">text</subfield>
<subfield code="b">txt</subfield>
<subfield code="2">rdacontent</subfield>
</datafield>
<datafield tag="337" ind1=" " ind2=" ">
<subfield code="a">unmediated</subfield>
<subfield code="b">n</subfield>
<subfield code="2">rdamedia</subfield>
</datafield>
<datafield tag="338" ind1=" " ind2=" ">
<subfield code="a">volume</subfield>
<subfield code="b">nc</subfield>
<subfield code="2">rdacarrier</subfield>
</datafield>
<datafield tag="546" ind1=" " ind2=" ">
<subfield code="a">Texts in Greek and Latin; commentary in German.</subfield>
</datafield>
<datafield tag="504" ind1=" " ind2=" ">
<subfield code="a">Includes bibliographical references and indexes.</subfield>
</datafield>
<datafield tag="505" ind1="0" ind2="0">
<subfield code="g">V. 1.</subfield>
<subfield code="t">Textum Graecum continens --</subfield>
<subfield code="g">v. 2.</subfield>
<subfield code="t">Theophanis vitas.</subfield>
<subfield code="t">Anastasii bibliothecarii historiam tripertitam.</subfield>
<subfield code="t">Dissertationem de codicibus operis Theophanei.</subfield>
<subfield code="t">Indices.</subfield>
</datafield>
<datafield tag="500" ind1=" " ind2=" ">
<subfield code="a">ISAW copy is from the library of Nina Garso&#239;an.</subfield>
<subfield code="5">NyNyUAW</subfield>
</datafield>
<datafield tag="500" ind1=" " ind2=" ">
<subfield code="a">ISAW copy is in wallpaper binding (blue).</subfield>
<subfield code="5">NyNyUAW</subfield>
</datafield>
<datafield tag="650" ind1=" " ind2="0">
<subfield code="a">World history</subfield>
<subfield code="v">Early works to 1800.</subfield>
</datafield>
<datafield tag="651" ind1=" " ind2="0">
<subfield code="a">Byzantine Empire</subfield>
<subfield code="x">History</subfield>
<subfield code="v">Early works to 1800.</subfield>
</datafield>
<datafield tag="650" ind1=" " ind2="7">
<subfield code="a">World history.</subfield>
<subfield code="2">fast</subfield>
<subfield code="0">(OCoLC)fst01181345</subfield>
</datafield>
<datafield tag="700" ind1="1" ind2=" ">
<subfield code="a">Boor, Carl de,</subfield>
<subfield code="d">1848-1923.</subfield>
</datafield>
<datafield tag="700" ind1="0" ind2=" ">
<subfield code="a">Anastasius,</subfield>
<subfield code="c">the Librarian,</subfield>
<subfield code="d">approximately 810-approximately 878.</subfield>
<subfield code="t">Historia ecclesiastica.</subfield>
</datafield>
<datafield tag="700" ind1="1" ind2=" ">
<subfield code="a">Garso&#239;an, Nina G.,</subfield>
<subfield code="d">1923-</subfield>
<subfield code="e">former owner.</subfield>
<subfield code="5">NyNyUAW</subfield>
</datafield>
<datafield tag="740" ind1="0" ind2=" ">
<subfield code="a">Garso&#239;an Collection.</subfield>
<subfield code="5">NyNyUAW</subfield>
</datafield>
<datafield tag="776" ind1="0" ind2="8">
<subfield code="i">Online version:</subfield>
<subfield code="a">Theophanes Confessor, -817.</subfield>
<subfield code="t">Chronographia.</subfield>
<subfield code="d">Lipsiae : Teubneri, 1883-85</subfield>
<subfield code="w">(OCoLC)875160779</subfield>
</datafield>
<datafield tag="OWN" ind1=" " ind2=" ">
<subfield code="a">GENERAL</subfield>
</datafield>
<datafield tag="AVA" ind1=" " ind2=" ">
<subfield code="a">NYU50</subfield>
<subfield code="b">NISAW</subfield>
<subfield code="c">Small Collection</subfield>
<subfield code="d">D17 .T5 1883 Non-circulating</subfield>
<subfield code="e">available</subfield>
<subfield code="t">Available</subfield>
<subfield code="f">2</subfield>
<subfield code="g">0</subfield>
<subfield code="h">Y</subfield>
<subfield code="i">0</subfield>
<subfield code="j">SMALL</subfield>
<subfield code="k">0</subfield>
</datafield>
</record>