<record xmlns="http://www.loc.gov/MARC21/slim" xmlns:xsi="http://www.w3.org/2001/XMLSchema-instance" xsi:schemaLocation="http://www.loc.gov/MARC21/slim http://www.loc.gov/standards/marcxml/schema/MARC21slim.xsd">
<leader>00000cam a2200505 a 4500</leader>
<controlfield tag="FMT">BK</controlfield>
<controlfield tag="LDR">00000cam a2200505 a 4500</controlfield>
<controlfield tag="001">001454722</controlfield>
<controlfield tag="003">NNU</controlfield>
<controlfield tag="005">20180620162543.0</controlfield>
<controlfield tag="008">820212m19709999enkabef  b    001 0 eng</controlfield>
<datafield tag="010" ind1=" " ind2=" ">
<subfield code="a">75085719</subfield>
</datafield>
<datafield tag="020" ind1=" " ind2=" ">
<subfield code="a">0521070511 (v. 1, pt. 1)</subfield>
</datafield>
<datafield tag="020" ind1=" " ind2=" ">
<subfield code="a">0521077915 (v. 1, pt. 2)</subfield>
</datafield>
<datafield tag="020" ind1=" " ind2=" ">
<subfield code="a">0521082307 (v. 2, pt. 1)</subfield>
</datafield>
<datafield tag="020" ind1=" " ind2=" ">
<subfield code="a">0521086914 (v. 2, pt. 2)</subfield>
</datafield>
<datafield tag="020" ind1=" " ind2=" ">
<subfield code="a">0521205719 (v. 1-2, plates)</subfield>
</datafield>
<datafield tag="020" ind1=" " ind2=" ">
<subfield code="a">0521224969 (v. 3, pt. 1)</subfield>
</datafield>
<datafield tag="020" ind1=" " ind2=" ">
<subfield code="a">0521227178 (v. 3, pt. 2)</subfield>
</datafield>
<datafield tag="020" ind1=" " ind2=" ">
<subfield code="a">0521234476 (v. 3, pt. 3)</subfield>
</datafield>
<datafield tag="020" ind1=" " ind2=" ">
<subfield code="a">0521242894 (v.3, plates)</subfield>
</datafield>
<datafield tag="020" ind1=" " ind2=" ">
<subfield code="a">0521228042 (v. 4)</subfield>
</datafield>
<datafield tag="020" ind1=" " ind2=" ">
<subfield code="a">0521305802 (v. 4, plates)</subfield>
</datafield>
<datafield tag="020" ind1=" " ind2=" ">
<subfield code="a">052123347X (v. 5)</subfield>
</datafield>
<datafield tag="020" ind1=" " ind2=" ">
<subfield code="a">0521233488 (v. 6)</subfield>
</datafield>
<datafield tag="020" ind1=" " ind2=" ">
<subfield code="a">052123445X (v. 7, pt. 1)</subfield>
</datafield>
<datafield tag="020" ind1=" " ind2=" ">
<subfield code="a">0521234468 (v. 7, pt. 2)</subfield>
</datafield>
<datafield tag="020" ind1=" " ind2=" ">
<subfield code="a">0521243548 (v. 7, pt. 1, plates)</subfield>
</datafield>
<datafield tag="020" ind1=" " ind2=" ">
<subfield code="a">0521234484 (v. 8)</subfield>
</datafield>
<datafield tag="020" ind1=" " ind2=" ">
<subfield code="a">0521256038 (v. 9)</subfield>
</datafield>
<datafield tag="020" ind1=" " ind2=" ">
<subfield code="a">0521264308 (v. 10)</subfield>
</datafield>
<datafield tag="020" ind1=" " ind2=" ">
<subfield code="a">0521263352 (v. 11)</subfield>
</datafield>
<datafield tag="020" ind1=" " ind2=" ">
<subfield code="a">0521301998 (v. 12)</subfield>
</datafield>
<datafield tag="020" ind1=" " ind2=" ">
<subfield code="a">0521302005 (v. 13)</subfield>
</datafield>
<datafield tag="020" ind1=" " ind2=" ">
<subfield code="a">0521325919 (v. 14)</subfield>
</datafield>
<datafield tag="035" ind1=" " ind2=" ">
<subfield code="a">(CStRLIN)NYUG82-B2819</subfield>
</datafield>
<datafield tag="035" ind1=" " ind2=" ">
<subfield code="a">(NYU)NYUb11889301</subfield>
</datafield>
<datafield tag="035" ind1="9" ind2=" ">
<subfield code="a">NYUb11889301</subfield>
</datafield>
<datafield tag="040" ind1=" " ind2=" ">
<subfield code="a">DLC</subfield>
<subfield code="c">DLC</subfield>
<subfield code="d">DLC</subfield>
<subfield code="d">NNU</subfield>
</datafield>
<datafield tag="050" ind1=" " ind2="4">
<subfield code="a">D57</subfield>
<subfield code="b">.C25 1970</subfield>
</datafield>
<datafield tag="079" ind1=" " ind2=" ">
<subfield code="a">(OCoLC)154705114</subfield>
</datafield>
<datafield tag="245" ind1="0" ind2="4">
<subfield code="a">The Cambridge ancient history.</subfield>
</datafield>
<datafield tag="250" ind1=" " ind2=" ">
<subfield code="a">2nd ed.</subfield>
</datafield>
<datafield tag="260" ind1=" " ind2=" ">
<subfield code="a">London :</subfield>
<subfield code="b">Cambridge University Press,</subfield>
<subfield code="c">1970-</subfield>
</datafield>
<datafield tag="300" ind1=" " ind2=" ">
<subfield code="a">v. :</subfield>
<subfield code="b">ill., maps, plans ;</subfield>
<subfield code="c">24 cm.</subfield>
</datafield>
<datafield tag="500" ind1=" " ind2=" ">
<subfield code="a">Editions vary: some vols. are 2nd ed., some are 3rd; v. 4 (plates) is new ed.</subfield>
</datafield>
<datafield tag="500" ind1=" " ind2=" ">
<subfield code="a">Editors vary.</subfield>
</datafield>
<datafield tag="500" ind1=" " ind2=" ">
<subfield code="a">Individual chapters have already appeared as fascicles, 1961-1968, constituting a major revision of the original edition of The Cambridge ancient history (1923-1939).</subfield>
</datafield>
<datafield tag="500" ind1=" " ind2=" ">
<subfield code="a">"The new edition ... includes two volumes additional to the twelve of the original version"--Pref., v. 13.</subfield>
</datafield>
<datafield tag="504" ind1=" " ind2=" ">
<subfield code="a">Includes bibliographical references and indexes.</subfield>
</datafield>
<datafield tag="505" ind1="0" ind2="0">
<subfield code="g">v. 1, pt. 1.</subfield>
<subfield code="t">Prolegomena and prehistory --</subfield>
<subfield code="g">v. 1, pt.2.</subfield>
<subfield code="t">Early history of the Middle East --</subfield>
<subfield code="g">v. 2, pt. 1.</subfield>
<subfield code="t">History of the Middle East and the Aegean region c. 1800-1380 B.C. --</subfield>
<subfield code="g">v. 2, pt. 2.</subfield>
<subfield code="t">History of the Middle East and the Aegean region c. 1380-1000 B.C. --</subfield>
<subfield code="g">v. 3, pt. 1.</subfield>
<subfield code="t">Prehistory of the Balkans, and the Middle East and the Aegean World, tenth to eighth centuries B.C. --</subfield>
<subfield code="g">v. 3, pt. 2.</subfield>
<subfield code="t">Assyrian and Babylonian empires and other states of the Near East, from the eighth through the sixth centuries B.C. --</subfield>
<subfield code="g">v. 3, pt. 3.</subfield>
<subfield code="t">Expansion of the Greek world, eighth to sixth centuries B.C. --</subfield>
<subfield code="g">v. 4.</subfield>
<subfield code="t">Persia, Greece, and the western Mediterranean c. 525 to 479 B.C. (2 pts: [text], plates) --</subfield>
<subfield code="g">v. 5.</subfield>
<subfield code="t">Fifth century B.C. --</subfield>
<subfield code="g">v. 6.</subfield>
<subfield code="t">Fourth century B.C. --</subfield>
<subfield code="g">v. 7, pt. 1.</subfield>
<subfield code="t">Hellenistic world --</subfield>
<subfield code="g">v. 7, pt. 2.</subfield>
<subfield code="t">Rise of Rome to 220 B.C. --</subfield>
<subfield code="g">v. 8.</subfield>
<subfield code="t">Rome and the Mediteranean to 133 B.C. --</subfield>
<subfield code="g">v. 9.</subfield>
<subfield code="t">Last age of the Roman republic, 146-43 B.C. --</subfield>
<subfield code="g">v. 10.</subfield>
<subfield code="t">Augustan Empire, 43 B.C.-A.D. 69 --</subfield>
<subfield code="g">v. 11.</subfield>
<subfield code="t">High empire, A.D. 70-192 --</subfield>
<subfield code="g">v. 12.</subfield>
<subfield code="t">Crisis of empire, A.D. 193-337 --</subfield>
<subfield code="g">v. 13</subfield>
<subfield code="t">Late empire, A.D. 337-425 --</subfield>
<subfield code="g">v. 14.</subfield>
<subfield code="t">Late antiquity : empire and successors, A.D. 425-600.</subfield>
</datafield>
<datafield tag="500" ind1=" " ind2=" ">
<subfield code="a">ISAW copy (v.3:plates and v.7:pt.1:plates) is from the library of Cornelius and Emily Vermeule.</subfield>
<subfield code="5">NyNyUAW</subfield>
</datafield>
<datafield tag="500" ind1=" " ind2=" ">
<subfield code="a">ISAW copy is from the library of Cornelius and Emily Vermeule.</subfield>
<subfield code="5">NyNyUAW</subfield>
</datafield>
<datafield tag="500" ind1=" " ind2=" ">
<subfield code="a">ISAW copy is from the library of Robert D. Biggs.</subfield>
<subfield code="5">NyNyUAW</subfield>
</datafield>
<datafield tag="500" ind1=" " ind2=" ">
<subfield code="a">ISAW copy is from the library of Hayim and Miriam Tadmor.</subfield>
<subfield code="5">NyNyUAW</subfield>
</datafield>
<datafield tag="500" ind1=" " ind2=" ">
<subfield code="a">ISAW copy (v.13-14) is from the library of Nina Garso&#239;an.</subfield>
<subfield code="5">NyNyUAW</subfield>
</datafield>
<datafield tag="583" ind1="1" ind2=" ">
<subfield code="a">committed to retain</subfield>
<subfield code="c">20160630</subfield>
<subfield code="d">20310630</subfield>
<subfield code="f">EAST</subfield>
<subfield code="h">Elmer Holmes Bobst Library</subfield>
<subfield code="z">This title retained by New York University Libraries on behalf of the Eastern Academic Scholars Trust (EAST)</subfield>
<subfield code="5">NNU</subfield>
</datafield>
<datafield tag="650" ind1=" " ind2="0">
<subfield code="a">History, Ancient.</subfield>
</datafield>
<datafield tag="700" ind1="1" ind2=" ">
<subfield code="a">Edwards, I. E. S.</subfield>
<subfield code="q">(Iorwerth Eiddon Stephen),</subfield>
<subfield code="d">1909-1996.</subfield>
</datafield>
<datafield tag="700" ind1="1" ind2=" ">
<subfield code="a">Gadd, C. J.</subfield>
<subfield code="q">(Cyril John),</subfield>
<subfield code="d">1893-</subfield>
</datafield>
<datafield tag="700" ind1="1" ind2=" ">
<subfield code="a">Hammond, N. G. L.</subfield>
<subfield code="q">(Nicholas Geoffrey Lempri&#232;re),</subfield>
<subfield code="d">1907-2001.</subfield>
</datafield>
<datafield tag="700" ind1="1" ind2=" ">
<subfield code="a">Boardman, John,</subfield>
<subfield code="d">1927-</subfield>
</datafield>
<datafield tag="700" ind1="1" ind2=" ">
<subfield code="a">Sollberger, Edmond.</subfield>
</datafield>
<datafield tag="700" ind1="1" ind2=" ">
<subfield code="a">Stager, Lawerence E.,</subfield>
<subfield code="e">former owner.</subfield>
<subfield code="5">NyNyUAW</subfield>
</datafield>
<datafield tag="700" ind1="1" ind2=" ">
<subfield code="a">Tadmor, Miriam,</subfield>
<subfield code="e">former owner.</subfield>
<subfield code="5">NyNyUAW</subfield>
</datafield>
<datafield tag="700" ind1="1" ind2=" ">
<subfield code="a">Tadmor, Hayim,</subfield>
<subfield code="e">former owner.</subfield>
<subfield code="5">NyNyUAW</subfield>
</datafield>
<datafield tag="740" ind1="0" ind2=" ">
<subfield code="a">Tadmor Collection.</subfield>
<subfield code="5">NyNyUAW</subfield>
</datafield>
<datafield tag="740" ind1="0" ind2=" ">
<subfield code="a">Stager Collection.</subfield>
<subfield code="5">NyNyUAW</subfield>
</datafield>
<datafield tag="700" ind1="1" ind2=" ">
<subfield code="a">Biggs, Robert D.,</subfield>
<subfield code="e">former owner.</subfield>
<subfield code="5">NyNyUAW</subfield>
</datafield>
<datafield tag="740" ind1="0" ind2=" ">
<subfield code="a">Biggs Collection.</subfield>
<subfield code="5">NyNyUAW</subfield>
</datafield>
<datafield tag="740" ind1="0" ind2=" ">
<subfield code="a">Vermeule Collection.</subfield>
<subfield code="5">NyNyUAW</subfield>
</datafield>
<datafield tag="740" ind1="0" ind2=" ">
<subfield code="a">Garso&#239;an Collection.</subfield>
<subfield code="5">NyNyUAW</subfield>
</datafield>
<datafield tag="700" ind1="1" ind2=" ">
<subfield code="a">Vermeule, Cornelius C.</subfield>
<subfield code="q">(Cornelius Clarkson),</subfield>
<subfield code="d">1925-2008,</subfield>
<subfield code="e">former owner.</subfield>
<subfield code="5">NyNyUAW</subfield>
</datafield>
<datafield tag="700" ind1="1" ind2=" ">
<subfield code="a">Vermeule, Emily,</subfield>
<subfield code="e">former owner.</subfield>
<subfield code="5">NyNyUAW</subfield>
</datafield>
<datafield tag="700" ind1="1" ind2=" ">
<subfield code="a">Garso&#239;an, Nina G.,</subfield>
<subfield code="d">1923-</subfield>
<subfield code="e">former owner.</subfield>
<subfield code="5">NyNyUAW</subfield>
</datafield>
<datafield tag="OWN" ind1=" " ind2=" ">
<subfield code="a">GENERAL</subfield>
</datafield>
<datafield tag="AVA" ind1=" " ind2=" ">
<subfield code="a">NYU50</subfield>
<subfield code="b">BOBST</subfield>
<subfield code="c">1st Floor Reference</subfield>
<subfield code="d">D57 .C252 Non-circulating</subfield>
<subfield code="e">available</subfield>
<subfield code="t">Available</subfield>
<subfield code="f">52</subfield>
<subfield code="g">0</subfield>
<subfield code="h">Y</subfield>
<subfield code="i">29</subfield>
<subfield code="j">REF1</subfield>
<subfield code="k">0</subfield>
</datafield>
<datafield tag="AVA" ind1=" " ind2=" ">
<subfield code="a">NYU50</subfield>
<subfield code="b">NIFA</subfield>
<subfield code="c">Main Collection</subfield>
<subfield code="d">D57 .C252 Non-circulating</subfield>
<subfield code="e">available</subfield>
<subfield code="t">Available</subfield>
<subfield code="f">19</subfield>
<subfield code="g">0</subfield>
<subfield code="h">Y</subfield>
<subfield code="i">0</subfield>
<subfield code="j">MAIN</subfield>
<subfield code="k">0</subfield>
</datafield>
<datafield tag="AVA" ind1=" " ind2=" ">
<subfield code="a">NYU50</subfield>
<subfield code="b">NISAW</subfield>
<subfield code="c">Small Collection</subfield>
<subfield code="d">D57 .C25 1970 Non-circulating</subfield>
<subfield code="e">available</subfield>
<subfield code="t">Available</subfield>
<subfield code="f">15</subfield>
<subfield code="g">0</subfield>
<subfield code="h">Y</subfield>
<subfield code="i">0</subfield>
<subfield code="j">SMALL</subfield>
<subfield code="k">0</subfield>
</datafield>
<datafield tag="AVA" ind1=" " ind2=" ">
<subfield code="a">NYU50</subfield>
<subfield code="b">NKEV</subfield>
<subfield code="c">Main Collection</subfield>
<subfield code="d">D57 .C252 Non-circulating</subfield>
<subfield code="e">available</subfield>
<subfield code="t">Available</subfield>
<subfield code="f">6</subfield>
<subfield code="g">0</subfield>
<subfield code="h">Y</subfield>
<subfield code="i">0</subfield>
<subfield code="j">MAIN</subfield>
<subfield code="k">0</subfield>
</datafield>
<datafield tag="AVA" ind1=" " ind2=" ">
<subfield code="a">NYU50</subfield>
<subfield code="b">TNSFO</subfield>
<subfield code="c">Main Collection</subfield>
<subfield code="d">D57 .C252</subfield>
<subfield code="e">unavailable</subfield>
<subfield code="t">Unavailable</subfield>
<subfield code="f">18</subfield>
<subfield code="g">18</subfield>
<subfield code="h">Y</subfield>
<subfield code="i">1</subfield>
<subfield code="j">MAIN</subfield>
<subfield code="k">0</subfield>
</datafield>
</record>