<record xmlns="http://www.loc.gov/MARC21/slim" xmlns:xsi="http://www.w3.org/2001/XMLSchema-instance" xsi:schemaLocation="http://www.loc.gov/MARC21/slim http://www.loc.gov/standards/marcxml/schema/MARC21slim.xsd">
<leader>00000cam a22      a 4500</leader>
<controlfield tag="FMT">BK</controlfield>
<controlfield tag="LDR">00000cam a22      a 4500</controlfield>
<controlfield tag="001">006204160</controlfield>
<controlfield tag="005">20180622154552.0</controlfield>
<controlfield tag="008">180606s2012    txuab    b    001 0 eng</controlfield>
<datafield tag="010" ind1=" " ind2=" ">
<subfield code="a">  2011051772</subfield>
</datafield>
<datafield tag="015" ind1=" " ind2=" ">
<subfield code="a">GBB288900</subfield>
<subfield code="2">bnb</subfield>
</datafield>
<datafield tag="016" ind1="7" ind2=" ">
<subfield code="a">016163354</subfield>
<subfield code="2">Uk</subfield>
</datafield>
<datafield tag="020" ind1=" " ind2=" ">
<subfield code="a">9781602583740</subfield>
<subfield code="q">(Baylor University Press ;</subfield>
<subfield code="q">pbk. ;</subfield>
<subfield code="q">acid-free paper)</subfield>
</datafield>
<datafield tag="020" ind1=" " ind2=" ">
<subfield code="a">1602583749</subfield>
<subfield code="q">(Baylor University Press ;</subfield>
<subfield code="q">pbk. ;</subfield>
<subfield code="q">acid-free paper)</subfield>
</datafield>
<datafield tag="020" ind1=" " ind2=" ">
<subfield code="a">9783110269727</subfield>
<subfield code="q">(De Gruyter)</subfield>
</datafield>
<datafield tag="020" ind1=" " ind2=" ">
<subfield code="a">3110269724</subfield>
<subfield code="q">(De Gruyter)</subfield>
</datafield>
<datafield tag="035" ind1=" " ind2=" ">
<subfield code="a">(OCoLC)769871210</subfield>
<subfield code="z">(OCoLC)835804420</subfield>
</datafield>
<datafield tag="040" ind1=" " ind2=" ">
<subfield code="a">DLC</subfield>
<subfield code="b">eng</subfield>
<subfield code="c">DLC</subfield>
<subfield code="d">YDX</subfield>
<subfield code="d">BTCTA</subfield>
<subfield code="d">BDX</subfield>
<subfield code="d">UKMGB</subfield>
<subfield code="d">YDXCP</subfield>
<subfield code="d">CDX</subfield>
<subfield code="d">BWX</subfield>
<subfield code="d">COO</subfield>
<subfield code="d">PUL</subfield>
<subfield code="d">NLGGC</subfield>
<subfield code="d">P4I</subfield>
<subfield code="d">UBY</subfield>
<subfield code="d">CHVBK</subfield>
<subfield code="d">P4A</subfield>
<subfield code="d">OCLCO</subfield>
<subfield code="d">OCLCQ</subfield>
<subfield code="d">KPS</subfield>
<subfield code="d">OCLCA</subfield>
<subfield code="d">DHA</subfield>
<subfield code="d">OCLCQ</subfield>
<subfield code="d">PAU</subfield>
<subfield code="d">OCLCF</subfield>
<subfield code="d">OCLCO</subfield>
<subfield code="d">NNU</subfield>
</datafield>
<datafield tag="041" ind1="1" ind2=" ">
<subfield code="a">eng</subfield>
<subfield code="h">lat</subfield>
<subfield code="h">gre</subfield>
</datafield>
<datafield tag="042" ind1=" " ind2=" ">
<subfield code="a">pcc</subfield>
</datafield>
<datafield tag="043" ind1=" " ind2=" ">
<subfield code="a">e-gr---</subfield>
<subfield code="a">e------</subfield>
<subfield code="a">aw-----</subfield>
<subfield code="a">ff-----</subfield>
</datafield>
<datafield tag="050" ind1="0" ind2="0">
<subfield code="a">DE71</subfield>
<subfield code="b">.A83 2012</subfield>
</datafield>
<datafield tag="082" ind1="0" ind2="0">
<subfield code="a">068/.37</subfield>
<subfield code="2">23</subfield>
</datafield>
<datafield tag="084" ind1=" " ind2=" ">
<subfield code="a">15.51</subfield>
<subfield code="2">bcl</subfield>
</datafield>
<datafield tag="100" ind1="1" ind2=" ">
<subfield code="a">Ascough, Richard S.</subfield>
</datafield>
<datafield tag="245" ind1="1" ind2="0">
<subfield code="a">Associations in the Greco-Roman world :</subfield>
<subfield code="b">a sourcebook /</subfield>
<subfield code="c">Richard S. Ascough, Philip A. Harland, John S. Kloppenborg.</subfield>
</datafield>
<datafield tag="260" ind1=" " ind2=" ">
<subfield code="a">Waco, Tex. :</subfield>
<subfield code="b">Baylor University Press ;</subfield>
<subfield code="a">[Berlin] :</subfield>
<subfield code="b">De Gruyter,</subfield>
<subfield code="c">&#169;2012.</subfield>
</datafield>
<datafield tag="300" ind1=" " ind2=" ">
<subfield code="a">394</subfield>
<subfield code="b">illustrations, map ;</subfield>
<subfield code="c">23 cm</subfield>
</datafield>
<datafield tag="336" ind1=" " ind2=" ">
<subfield code="a">text</subfield>
<subfield code="b">txt</subfield>
<subfield code="2">rdacontent</subfield>
</datafield>
<datafield tag="337" ind1=" " ind2=" ">
<subfield code="a">unmediated</subfield>
<subfield code="b">n</subfield>
<subfield code="2">rdamedia</subfield>
</datafield>
<datafield tag="338" ind1=" " ind2=" ">
<subfield code="a">volume</subfield>
<subfield code="b">nc</subfield>
<subfield code="2">rdacarrier</subfield>
</datafield>
<datafield tag="546" ind1=" " ind2=" ">
<subfield code="a">English translations of Greek and Latin texts.</subfield>
</datafield>
<datafield tag="504" ind1=" " ind2=" ">
<subfield code="a">Includes bibliographical references and index.</subfield>
</datafield>
<datafield tag="505" ind1="0" ind2=" ">
<subfield code="a">I. Inscriptions and papyri -- Southern and central Greece -- Macedonia -- Thracia -- Lower Danube and Bosporan Kingdom -- Asia Minor -- Greek islands of the Aegean -- Greater Syria and the East -- Egypt -- Cyrenaica -- Italy and the western provinces -- II. Buildings and meeting places -- Southern and central Greece -- Macedonia -- Asia Minor -- Greek islands of the Aegean -- Italy -- III. Literary references -- General references -- Dealings with civic or imperial authorities -- Legal documents in the Digest of Justinian.</subfield>
</datafield>
<datafield tag="650" ind1=" " ind2="0">
<subfield code="a">Associations, institutions, etc</subfield>
<subfield code="z">Greece</subfield>
<subfield code="x">History</subfield>
<subfield code="y">To 1500</subfield>
<subfield code="v">Sources.</subfield>
</datafield>
<datafield tag="650" ind1=" " ind2="0">
<subfield code="a">Associations, institutions, etc</subfield>
<subfield code="z">Rome</subfield>
<subfield code="x">History</subfield>
<subfield code="v">Sources.</subfield>
</datafield>
<datafield tag="650" ind1=" " ind2="0">
<subfield code="a">Social structure</subfield>
<subfield code="z">Greece</subfield>
<subfield code="x">History</subfield>
<subfield code="y">To 1500</subfield>
<subfield code="v">Sources.</subfield>
</datafield>
<datafield tag="650" ind1=" " ind2="0">
<subfield code="a">Social structure</subfield>
<subfield code="z">Rome</subfield>
<subfield code="x">History</subfield>
<subfield code="v">Sources.</subfield>
</datafield>
<datafield tag="651" ind1=" " ind2="0">
<subfield code="a">Greece</subfield>
<subfield code="x">Social life and customs</subfield>
<subfield code="y">To 146 B.C</subfield>
<subfield code="v">Sources.</subfield>
</datafield>
<datafield tag="651" ind1=" " ind2="0">
<subfield code="a">Rome</subfield>
<subfield code="x">Social life and customs</subfield>
<subfield code="v">Sources.</subfield>
</datafield>
<datafield tag="650" ind1=" " ind2="0">
<subfield code="a">Christians</subfield>
<subfield code="x">Social life and customs</subfield>
<subfield code="v">Sources.</subfield>
</datafield>
<datafield tag="650" ind1=" " ind2="0">
<subfield code="a">Jews</subfield>
<subfield code="x">Social life and customs</subfield>
<subfield code="v">Sources.</subfield>
</datafield>
<datafield tag="651" ind1=" " ind2="0">
<subfield code="a">Greece</subfield>
<subfield code="x">Religious life and customs</subfield>
<subfield code="v">Sources.</subfield>
</datafield>
<datafield tag="651" ind1=" " ind2="0">
<subfield code="a">Rome</subfield>
<subfield code="x">Religious life and customs</subfield>
<subfield code="v">Sources.</subfield>
</datafield>
<datafield tag="650" ind1=" " ind2="7">
<subfield code="a">Einrichtung.</subfield>
<subfield code="2">gnd</subfield>
<subfield code="0">(DE-588)4113393-6</subfield>
</datafield>
<datafield tag="650" ind1=" " ind2="7">
<subfield code="a">Gesellschaft.</subfield>
<subfield code="2">gnd</subfield>
<subfield code="0">(DE-588)4020588-5</subfield>
</datafield>
<datafield tag="650" ind1=" " ind2="7">
<subfield code="a">Verein.</subfield>
<subfield code="2">gnd</subfield>
<subfield code="0">(DE-588)4062714-7</subfield>
</datafield>
<datafield tag="650" ind1=" " ind2="7">
<subfield code="a">Gruppe.</subfield>
<subfield code="2">gnd</subfield>
<subfield code="0">(DE-588)4022378-4</subfield>
</datafield>
<datafield tag="650" ind1=" " ind2="7">
<subfield code="a">Griechisch.</subfield>
<subfield code="2">gnd</subfield>
<subfield code="0">(DE-588)4113791-7</subfield>
</datafield>
<datafield tag="650" ind1=" " ind2="7">
<subfield code="a">Inschrift.</subfield>
<subfield code="2">gnd</subfield>
<subfield code="0">(DE-588)4027107-9</subfield>
</datafield>
<datafield tag="650" ind1=" " ind2="7">
<subfield code="a">Papyrus.</subfield>
<subfield code="2">gnd</subfield>
<subfield code="0">(DE-588)4044571-9</subfield>
</datafield>
<datafield tag="651" ind1=" " ind2="7">
<subfield code="a">Griechenland</subfield>
<subfield code="g">Altertum.</subfield>
<subfield code="2">gnd</subfield>
<subfield code="0">(DE-588)4093976-5</subfield>
</datafield>
<datafield tag="651" ind1=" " ind2="7">
<subfield code="a">R&#246;misches Reich.</subfield>
<subfield code="2">gnd</subfield>
<subfield code="0">(DE-588)4076778-4</subfield>
</datafield>
<datafield tag="650" ind1=" " ind2="7">
<subfield code="a">Associations, institutions, etc.</subfield>
<subfield code="2">fast</subfield>
<subfield code="0">(OCoLC)fst00819166</subfield>
</datafield>
<datafield tag="650" ind1=" " ind2="7">
<subfield code="a">Christians</subfield>
<subfield code="x">Social life and customs.</subfield>
<subfield code="2">fast</subfield>
<subfield code="0">(OCoLC)fst00859779</subfield>
</datafield>
<datafield tag="650" ind1=" " ind2="7">
<subfield code="a">Jews</subfield>
<subfield code="x">Social life and customs.</subfield>
<subfield code="2">fast</subfield>
<subfield code="0">(OCoLC)fst00983364</subfield>
</datafield>
<datafield tag="650" ind1=" " ind2="7">
<subfield code="a">Manners and customs.</subfield>
<subfield code="2">fast</subfield>
<subfield code="0">(OCoLC)fst01007815</subfield>
</datafield>
<datafield tag="650" ind1=" " ind2="7">
<subfield code="a">Social structure.</subfield>
<subfield code="2">fast</subfield>
<subfield code="0">(OCoLC)fst01123372</subfield>
</datafield>
<datafield tag="651" ind1=" " ind2="7">
<subfield code="a">Greece.</subfield>
<subfield code="2">fast</subfield>
<subfield code="0">(OCoLC)fst01208380</subfield>
</datafield>
<datafield tag="651" ind1=" " ind2="7">
<subfield code="a">Rome (Empire)</subfield>
<subfield code="2">fast</subfield>
<subfield code="0">(OCoLC)fst01204885</subfield>
</datafield>
<datafield tag="648" ind1=" " ind2="7">
<subfield code="a">To 1500.</subfield>
<subfield code="2">fast</subfield>
</datafield>
<datafield tag="655" ind1=" " ind2="7">
<subfield code="a">Bronnen (vorm)</subfield>
<subfield code="2">gtt</subfield>
</datafield>
<datafield tag="655" ind1=" " ind2="7">
<subfield code="a">History.</subfield>
<subfield code="2">fast</subfield>
<subfield code="0">(OCoLC)fst01411628</subfield>
</datafield>
<datafield tag="655" ind1=" " ind2="7">
<subfield code="a">Sources.</subfield>
<subfield code="2">fast</subfield>
<subfield code="0">(OCoLC)fst01423900</subfield>
</datafield>
<datafield tag="700" ind1="1" ind2=" ">
<subfield code="a">Harland, Philip A.</subfield>
</datafield>
<datafield tag="700" ind1="1" ind2=" ">
<subfield code="a">Kloppenborg, John S.,</subfield>
<subfield code="d">1951-</subfield>
</datafield>
<datafield tag="856" ind1="4" ind2="2">
<subfield code="3">Book review (H-Net)</subfield>
<subfield code="u">http://www.h-net.org/reviews/showrev.php?id=39122</subfield>
</datafield>
<datafield tag="856" ind1="4" ind2="2">
<subfield code="z">Companion website, with more inscriptions and supplemental reference tools:</subfield>
<subfield code="u">http://philipharland.com/greco-roman-associations/</subfield>
</datafield>
<datafield tag="OWN" ind1=" " ind2=" ">
<subfield code="a">GENERAL</subfield>
</datafield>
<datafield tag="AVA" ind1=" " ind2=" ">
<subfield code="a">NYU50</subfield>
<subfield code="b">NISAW</subfield>
<subfield code="c">Small Collection</subfield>
<subfield code="d">DE71 .A83 2012 Non-circulating</subfield>
<subfield code="e">available</subfield>
<subfield code="t">Available</subfield>
<subfield code="f">1</subfield>
<subfield code="g">0</subfield>
<subfield code="h">N</subfield>
<subfield code="i">0</subfield>
<subfield code="j">SMALL</subfield>
<subfield code="k">0</subfield>
</datafield>
</record>