<record xmlns="http://www.loc.gov/MARC21/slim" xmlns:xsi="http://www.w3.org/2001/XMLSchema-instance" xsi:schemaLocation="http://www.loc.gov/MARC21/slim http://www.loc.gov/standards/marcxml/schema/MARC21slim.xsd">
<leader>00000cam a2200721 a 4500</leader>
<controlfield tag="FMT">BK</controlfield>
<controlfield tag="LDR">00000cam a2200721 a 4500</controlfield>
<controlfield tag="001">000446862</controlfield>
<controlfield tag="003">OCoLC</controlfield>
<controlfield tag="005">20180612155724.0</controlfield>
<controlfield tag="008">070111s2006    enkabef  b    001 0 eng c</controlfield>
<datafield tag="010" ind1=" " ind2=" ">
<subfield code="a">2007360031</subfield>
</datafield>
<datafield tag="015" ind1=" " ind2=" ">
<subfield code="a">GBA6A3344</subfield>
<subfield code="2">bnb</subfield>
</datafield>
<datafield tag="016" ind1="7" ind2=" ">
<subfield code="a">013620020</subfield>
<subfield code="2">Uk</subfield>
</datafield>
<datafield tag="020" ind1=" " ind2=" ">
<subfield code="a">0904887510</subfield>
</datafield>
<datafield tag="020" ind1=" " ind2=" ">
<subfield code="a">9780904887518</subfield>
</datafield>
<datafield tag="035" ind1=" " ind2=" ">
<subfield code="a">(OCoLC)76810122</subfield>
</datafield>
<datafield tag="040" ind1=" " ind2=" ">
<subfield code="a">VA@</subfield>
<subfield code="b">eng</subfield>
<subfield code="c">DLC</subfield>
<subfield code="d">VA@</subfield>
<subfield code="d">BAKER</subfield>
<subfield code="d">TJC</subfield>
<subfield code="d">UKM</subfield>
<subfield code="d">YDXCP</subfield>
<subfield code="d">IXA</subfield>
<subfield code="d">LRU</subfield>
<subfield code="d">BTCTA</subfield>
<subfield code="d">TOZ</subfield>
<subfield code="d">IG#</subfield>
<subfield code="d">GEQ</subfield>
<subfield code="d">UKMGB</subfield>
<subfield code="d">OCLCO</subfield>
<subfield code="d">OCLCF</subfield>
<subfield code="d">OCLCQ</subfield>
<subfield code="d">UX0</subfield>
<subfield code="d">OCLCQ</subfield>
<subfield code="d">DHA</subfield>
<subfield code="d">OCLCQ</subfield>
<subfield code="d">ZYU</subfield>
</datafield>
<datafield tag="042" ind1=" " ind2=" ">
<subfield code="a">lccopycat</subfield>
<subfield code="a">pcc</subfield>
</datafield>
<datafield tag="043" ind1=" " ind2=" ">
<subfield code="a">e-gr---</subfield>
</datafield>
<datafield tag="050" ind1="0" ind2="0">
<subfield code="a">DF221.L477</subfield>
<subfield code="b">L44 2006</subfield>
</datafield>
<datafield tag="079" ind1=" " ind2=" ">
<subfield code="a">(OCoLC)76810122</subfield>
</datafield>
<datafield tag="082" ind1="0" ind2="0">
<subfield code="a">938.4</subfield>
<subfield code="2">22</subfield>
</datafield>
<datafield tag="245" ind1="0" ind2="0">
<subfield code="a">Lefkandi IV :</subfield>
<subfield code="b">the Bronze Age : the Late Helladic IIIC settlement at Xeropolis /</subfield>
<subfield code="c">edited by D. Evely ; with contributions by J. Crouwel [and others].</subfield>
</datafield>
<datafield tag="246" ind1="3" ind2=" ">
<subfield code="a">Lefkandi 4</subfield>
</datafield>
<datafield tag="246" ind1="3" ind2="0">
<subfield code="a">Late Helladic IIIC settlement at Xeropolis</subfield>
</datafield>
<datafield tag="260" ind1=" " ind2=" ">
<subfield code="a">London :</subfield>
<subfield code="b">British School at Athens,</subfield>
<subfield code="c">2006.</subfield>
</datafield>
<datafield tag="300" ind1=" " ind2=" ">
<subfield code="a">332</subfield>
<subfield code="b">illustrations, maps, plans ;</subfield>
<subfield code="c">31 cm +</subfield>
<subfield code="e">1 computer disc (4 3/4 in.).</subfield>
</datafield>
<datafield tag="336" ind1=" " ind2=" ">
<subfield code="a">text</subfield>
<subfield code="b">txt</subfield>
<subfield code="2">rdacontent</subfield>
</datafield>
<datafield tag="337" ind1=" " ind2=" ">
<subfield code="a">unmediated</subfield>
<subfield code="b">n</subfield>
<subfield code="2">rdamedia</subfield>
</datafield>
<datafield tag="338" ind1=" " ind2=" ">
<subfield code="a">volume</subfield>
<subfield code="b">nc</subfield>
<subfield code="2">rdacarrier</subfield>
</datafield>
<datafield tag="490" ind1="1" ind2=" ">
<subfield code="a">Supplementary volume / British School at Athens ;</subfield>
<subfield code="v">no. 39</subfield>
</datafield>
<datafield tag="500" ind1=" " ind2=" ">
<subfield code="a">ISAW copy is from the library of Lawrence E. Stager.</subfield>
<subfield code="5">NyNyUAW</subfield>
</datafield>
<datafield tag="500" ind1=" " ind2=" ">
<subfield code="a">Posthumous completion of editing project begun by Mervyn Popham.</subfield>
</datafield>
<datafield tag="504" ind1=" " ind2=" ">
<subfield code="a">Includes bibliographical references (pages 311-317) and index.</subfield>
</datafield>
<datafield tag="505" ind1="0" ind2="0">
<subfield code="g">Ch. 1.</subfield>
<subfield code="t">The site and its excavation /</subfield>
<subfield code="r">Mervyn Popham, Don Evely and Hugh Sackett --</subfield>
<subfield code="t">The disposition of the trenches --</subfield>
<subfield code="t">The order and manner of presentation --</subfield>
<subfield code="t">The main excavation : stratigraphy and finds --</subfield>
<subfield code="t">The trials : stratigraphy and finds --</subfield>
<subfield code="g">Ch. 2.</subfield>
<subfield code="t">The pottery /</subfield>
<subfield code="r">Mervyn Popham, Elizabeth Schofield and Susan Sherratt --</subfield>
<subfield code="t">Pots through the ages /</subfield>
<subfield code="r">Mervyn Popham, Elizabeth Schofield and Susan Sherratt --</subfield>
<subfield code="t">The pottery in a wider context /</subfield>
<subfield code="r">Susan Sherratt --</subfield>
<subfield code="g">Ch. 3.</subfield>
<subfield code="t">Late Mycenaean pictorial pottery /</subfield>
<subfield code="r">Joost Crouwel --</subfield>
<subfield code="g">Ch. 4.</subfield>
<subfield code="t">The terracotta figurines /</subfield>
<subfield code="r">Elizabeth French --</subfield>
<subfield code="g">Ch. 5.</subfield>
<subfield code="t">The small finds /</subfield>
<subfield code="r">Don Evely --</subfield>
<subfield code="g">Ch. 6.</subfield>
<subfield code="t">LH IIIC Lefkandi : an overview /</subfield>
<subfield code="r">Susan Sherratt.</subfield>
</datafield>
<datafield tag="651" ind1=" " ind2="0">
<subfield code="a">Xeropolis (Extinct city)</subfield>
</datafield>
<datafield tag="651" ind1=" " ind2="0">
<subfield code="a">Leukantion (Greece)</subfield>
<subfield code="x">Antiquities.</subfield>
</datafield>
<datafield tag="650" ind1=" " ind2="0">
<subfield code="a">Excavations (Archaeology)</subfield>
<subfield code="z">Greece</subfield>
<subfield code="z">Leukantion.</subfield>
</datafield>
<datafield tag="650" ind1=" " ind2="0">
<subfield code="a">Pottery, Greek</subfield>
<subfield code="z">Greece</subfield>
<subfield code="z">Leukantion.</subfield>
</datafield>
<datafield tag="650" ind1=" " ind2="0">
<subfield code="a">Pottery, Mycenaean</subfield>
<subfield code="z">Greece</subfield>
<subfield code="z">Leukantion.</subfield>
</datafield>
<datafield tag="650" ind1=" " ind2="0">
<subfield code="a">Bronze age</subfield>
<subfield code="z">Greece</subfield>
<subfield code="z">Leukantion.</subfield>
</datafield>
<datafield tag="651" ind1=" " ind2="7">
<subfield code="a">Lefkandi.</subfield>
<subfield code="2">pleiades</subfield>
<subfield code="0">https://pleiades.stoa.org/places/540909</subfield>
</datafield>
<datafield tag="650" ind1=" " ind2="7">
<subfield code="a">Antiquities.</subfield>
<subfield code="2">fast</subfield>
<subfield code="0">(OCoLC)fst00810745</subfield>
</datafield>
<datafield tag="650" ind1=" " ind2="7">
<subfield code="a">Bronze age.</subfield>
<subfield code="2">fast</subfield>
<subfield code="0">(OCoLC)fst00839439</subfield>
</datafield>
<datafield tag="650" ind1=" " ind2="7">
<subfield code="a">Excavations (Archaeology)</subfield>
<subfield code="2">fast</subfield>
<subfield code="0">(OCoLC)fst00917564</subfield>
</datafield>
<datafield tag="650" ind1=" " ind2="7">
<subfield code="a">Pottery, Greek.</subfield>
<subfield code="2">fast</subfield>
<subfield code="0">(OCoLC)fst01073748</subfield>
</datafield>
<datafield tag="650" ind1=" " ind2="7">
<subfield code="a">Pottery, Mycenaean.</subfield>
<subfield code="2">fast</subfield>
<subfield code="0">(OCoLC)fst01073833</subfield>
</datafield>
<datafield tag="651" ind1=" " ind2="7">
<subfield code="a">Greece</subfield>
<subfield code="z">Leukantion.</subfield>
<subfield code="2">fast</subfield>
<subfield code="0">(OCoLC)fst01259216</subfield>
</datafield>
<datafield tag="651" ind1=" " ind2="7">
<subfield code="a">Greece</subfield>
<subfield code="z">Xeropolis (Extinct city)</subfield>
<subfield code="2">fast</subfield>
<subfield code="0">(OCoLC)fst01874611</subfield>
</datafield>
<datafield tag="700" ind1="1" ind2=" ">
<subfield code="a">Evely, R. D. G.</subfield>
</datafield>
<datafield tag="700" ind1="1" ind2=" ">
<subfield code="a">Crouwel, J. H.</subfield>
</datafield>
<datafield tag="700" ind1="1" ind2=" ">
<subfield code="a">Popham, Mervyn R.</subfield>
</datafield>
<datafield tag="700" ind1="1" ind2=" ">
<subfield code="a">Stager, Lawrence E.,</subfield>
<subfield code="e">former owner.</subfield>
<subfield code="5">NyNyUAW</subfield>
</datafield>
<datafield tag="740" ind1="0" ind2=" ">
<subfield code="a">Stager Collection.</subfield>
<subfield code="5">NyNyUAW</subfield>
</datafield>
<datafield tag="710" ind1="2" ind2=" ">
<subfield code="a">British School at Athens.</subfield>
</datafield>
<datafield tag="776" ind1="0" ind2="8">
<subfield code="i">Online version:</subfield>
<subfield code="t">Lefkandi IV.</subfield>
<subfield code="d">London : British School at Athens, 2006</subfield>
<subfield code="w">(OCoLC)608112583</subfield>
</datafield>
<datafield tag="776" ind1="0" ind2="8">
<subfield code="i">Online version:</subfield>
<subfield code="t">Lefkandi IV.</subfield>
<subfield code="d">London : British School at Athens, 2006</subfield>
<subfield code="w">(OCoLC)609224155</subfield>
</datafield>
<datafield tag="830" ind1=" " ind2="0">
<subfield code="a">Supplementary volume (British School at Athens) ;</subfield>
<subfield code="v">no. 39.</subfield>
</datafield>
<datafield tag="994" ind1=" " ind2=" ">
<subfield code="a">Z0</subfield>
<subfield code="b">ZYU</subfield>
</datafield>
<datafield tag="OWN" ind1=" " ind2=" ">
<subfield code="a">GENERAL</subfield>
</datafield>
<datafield tag="938" ind1=" " ind2=" ">
<subfield code="a">Baker &amp; Taylor</subfield>
<subfield code="b">BKTY</subfield>
<subfield code="c">196.00</subfield>
<subfield code="d">196.00</subfield>
<subfield code="i">0904887510</subfield>
<subfield code="n">0006940419</subfield>
<subfield code="s">active</subfield>
</datafield>
<datafield tag="938" ind1=" " ind2=" ">
<subfield code="a">YBP Library Services</subfield>
<subfield code="b">YANK</subfield>
<subfield code="n">100446393</subfield>
</datafield>
<datafield tag="948" ind1=" " ind2=" ">
<subfield code="h">NO HOLDINGS IN ZYU - 15 OTHER HOLDINGS</subfield>
</datafield>
<datafield tag="AVA" ind1=" " ind2=" ">
<subfield code="a">NYU50</subfield>
<subfield code="b">NISAW</subfield>
<subfield code="c">Large Collection</subfield>
<subfield code="d">DF221.L477 L44 2006 Non-circulating</subfield>
<subfield code="e">available</subfield>
<subfield code="t">Available</subfield>
<subfield code="f">1</subfield>
<subfield code="g">0</subfield>
<subfield code="h">N</subfield>
<subfield code="i">0</subfield>
<subfield code="j">LARGE</subfield>
<subfield code="k">0</subfield>
</datafield>
</record>