<record xmlns="http://www.loc.gov/MARC21/slim" xmlns:xsi="http://www.w3.org/2001/XMLSchema-instance" xsi:schemaLocation="http://www.loc.gov/MARC21/slim http://www.loc.gov/standards/marcxml/schema/MARC21slim.xsd">
<leader>00000cam a2200253 a 4500</leader>
<controlfield tag="FMT">BK</controlfield>
<controlfield tag="LDR">00000cam a2200253 a 4500</controlfield>
<controlfield tag="001">002519174</controlfield>
<controlfield tag="003">NNU</controlfield>
<controlfield tag="005">20180608133143.0</controlfield>
<controlfield tag="008">770516m19589999fr abfh  b    001 0 fre d</controlfield>
<datafield tag="010" ind1=" " ind2=" ">
<subfield code="a">a 56002816 //r</subfield>
</datafield>
<datafield tag="035" ind1="9" ind2=" ">
<subfield code="a">NYUb10177213</subfield>
</datafield>
<datafield tag="035" ind1=" " ind2=" ">
<subfield code="a">(CStRLIN)NYUG2969039B</subfield>
</datafield>
<datafield tag="035" ind1=" " ind2=" ">
<subfield code="a">GLIS00177213X</subfield>
</datafield>
<datafield tag="040" ind1=" " ind2=" ">
<subfield code="a">*Cincinnati. Univ. Libr.*</subfield>
<subfield code="b">eng</subfield>
<subfield code="c">ViU</subfield>
<subfield code="d">ViU</subfield>
<subfield code="d">NNU</subfield>
<subfield code="d">CStRLIN</subfield>
<subfield code="d">NNU</subfield>
</datafield>
<datafield tag="041" ind1="0" ind2=" ">
<subfield code="a">fre</subfield>
<subfield code="a">grc</subfield>
</datafield>
<datafield tag="043" ind1=" " ind2=" ">
<subfield code="a">mm---</subfield>
<subfield code="a">mm-----</subfield>
</datafield>
<datafield tag="050" ind1="0" ind2="4">
<subfield code="a">DF503</subfield>
<subfield code="b">.T73 1958</subfield>
</datafield>
<datafield tag="245" ind1="0" ind2="0">
<subfield code="a">Trait&#233; d'&#233;tudes byzantines /</subfield>
<subfield code="c">publi&#233; par Paul Lemerle ; avec le concours de A. Bataille, A. Dain ... [et al.].</subfield>
</datafield>
<datafield tag="260" ind1=" " ind2=" ">
<subfield code="a">Paris :</subfield>
<subfield code="b">Presses universitaires de France,</subfield>
<subfield code="c">1958-</subfield>
</datafield>
<datafield tag="300" ind1=" " ind2=" ">
<subfield code="a">&lt;2 &gt; v. :</subfield>
<subfield code="b">ill., facsims. (some fold.), maps, plates ;</subfield>
<subfield code="c">29 cm.</subfield>
</datafield>
<datafield tag="490" ind1="0" ind2=" ">
<subfield code="a">Biblioth&#232;que byzantine</subfield>
</datafield>
<datafield tag="500" ind1=" " ind2=" ">
<subfield code="a">T. 1 published in 1958; t. 2 published in 1955 (1st ed.).</subfield>
</datafield>
<datafield tag="500" ind1=" " ind2=" ">
<subfield code="a">"Ouvrage publi&#233; avec le concours du Centre National de la Recherche Scientifique"--T.p. (t. 2).</subfield>
</datafield>
<datafield tag="504" ind1=" " ind2=" ">
<subfield code="a">Includes bibliographical references and indexes.</subfield>
</datafield>
<datafield tag="546" ind1=" " ind2=" ">
<subfield code="a">Text in French; contains facsimiles of ancient Greek texts with Greek transcriptions on opposite pages.</subfield>
</datafield>
<datafield tag="505" ind1="1" ind2="0">
<subfield code="g">[t.] 1.</subfield>
<subfield code="t">Chronologie /</subfield>
<subfield code="r">V. Grumel --</subfield>
<subfield code="g">[t.] 2.</subfield>
<subfield code="t">Papyrus /</subfield>
<subfield code="r">Andr&#233; Bataille</subfield>
</datafield>
<datafield tag="500" ind1=" " ind2=" ">
<subfield code="a">ISAW copy (t.2) is from the library of C.R. Whittaker.</subfield>
<subfield code="5">NyNyUAW</subfield>
</datafield>
<datafield tag="500" ind1=" " ind2=" ">
<subfield code="a">ISAW copy (t.1) is from the library of Nina G. Garso&#239;an.</subfield>
<subfield code="5">NyNyUAW</subfield>
</datafield>
<datafield tag="500" ind1=" " ind2=" ">
<subfield code="a">ISAW copy (t.1) is in Venetian wallpaper binding (blue).</subfield>
<subfield code="5">NyNyUAW</subfield>
</datafield>
<datafield tag="583" ind1="1" ind2=" ">
<subfield code="a">committed to retain</subfield>
<subfield code="c">20160630</subfield>
<subfield code="d">20310630</subfield>
<subfield code="f">EAST</subfield>
<subfield code="h">Elmer Holmes Bobst Library</subfield>
<subfield code="z">This title retained by New York University Libraries on behalf of the Eastern Academic Scholars Trust (EAST)</subfield>
<subfield code="5">NNU</subfield>
</datafield>
<datafield tag="651" ind1=" " ind2="0">
<subfield code="a">Byzantine Empire</subfield>
<subfield code="x">Study and teaching.</subfield>
</datafield>
<datafield tag="651" ind1=" " ind2="0">
<subfield code="a">Byzantine Empire</subfield>
<subfield code="x">History</subfield>
<subfield code="v">Sources.</subfield>
</datafield>
<datafield tag="651" ind1=" " ind2="0">
<subfield code="a">Byzantine Empire</subfield>
<subfield code="x">Civilization.</subfield>
</datafield>
<datafield tag="700" ind1="1" ind2=" ">
<subfield code="a">Lemerle, Paul,</subfield>
<subfield code="d">1903-</subfield>
</datafield>
<datafield tag="700" ind1="1" ind2=" ">
<subfield code="a">Dain, Alphonse,</subfield>
<subfield code="d">1896-1964.</subfield>
</datafield>
<datafield tag="700" ind1="1" ind2=" ">
<subfield code="a">Bataille, A.</subfield>
<subfield code="q">(Andr&#233;)</subfield>
</datafield>
<datafield tag="700" ind1="1" ind2=" ">
<subfield code="a">Grumel, V.</subfield>
<subfield code="q">(Venance),</subfield>
<subfield code="d">1890-</subfield>
</datafield>
<datafield tag="710" ind1="2" ind2=" ">
<subfield code="a">Centre national de la recherche scientifique (France)</subfield>
</datafield>
<datafield tag="700" ind1="1" ind2=" ">
<subfield code="a">Whittaker, C. R.,</subfield>
<subfield code="e">former owner.</subfield>
<subfield code="5">NyNyUAW</subfield>
</datafield>
<datafield tag="700" ind1="1" ind2=" ">
<subfield code="a">Garso&#239;an, Nina G.,</subfield>
<subfield code="d">1923-</subfield>
<subfield code="e">former owner.</subfield>
<subfield code="5">NyNyUAW</subfield>
</datafield>
<datafield tag="740" ind1="0" ind2=" ">
<subfield code="a">Whittaker Collection.</subfield>
<subfield code="5">NyNyUAW</subfield>
</datafield>
<datafield tag="740" ind1="0" ind2=" ">
<subfield code="a">Garso&#239;an Collection.</subfield>
<subfield code="5">NyNyUAW</subfield>
</datafield>
<datafield tag="OWN" ind1=" " ind2=" ">
<subfield code="a">GENERAL</subfield>
</datafield>
<datafield tag="AVA" ind1=" " ind2=" ">
<subfield code="a">NYU50</subfield>
<subfield code="b">BOBST</subfield>
<subfield code="c">Main Collection</subfield>
<subfield code="d">DF503 .L3</subfield>
<subfield code="e">available</subfield>
<subfield code="t">Available</subfield>
<subfield code="f">2</subfield>
<subfield code="g">0</subfield>
<subfield code="h">Y</subfield>
<subfield code="i">6</subfield>
<subfield code="j">MAIN</subfield>
<subfield code="k">0</subfield>
</datafield>
<datafield tag="AVA" ind1=" " ind2=" ">
<subfield code="a">NYU50</subfield>
<subfield code="b">NISAW</subfield>
<subfield code="c">Oversize Collection</subfield>
<subfield code="d">DF503 .T73 1958 Non-circulating</subfield>
<subfield code="e">available</subfield>
<subfield code="t">Available</subfield>
<subfield code="f">2</subfield>
<subfield code="g">0</subfield>
<subfield code="h">Y</subfield>
<subfield code="i">0</subfield>
<subfield code="j">OVERZ</subfield>
<subfield code="k">0</subfield>
</datafield>
</record>