<record xmlns="http://www.loc.gov/MARC21/slim" xmlns:xsi="http://www.w3.org/2001/XMLSchema-instance" xsi:schemaLocation="http://www.loc.gov/MARC21/slim http://www.loc.gov/standards/marcxml/schema/MARC21slim.xsd">
<leader>00000cam a22      a 4500</leader>
<controlfield tag="FMT">BK</controlfield>
<controlfield tag="LDR">00000cam a22      a 4500</controlfield>
<controlfield tag="001">006205795</controlfield>
<controlfield tag="005">20180611142523.0</controlfield>
<controlfield tag="008">180611s1981    ru af         000 0 ruso</controlfield>
<datafield tag="010" ind1=" " ind2=" ">
<subfield code="a">   82156052</subfield>
</datafield>
<datafield tag="035" ind1=" " ind2=" ">
<subfield code="a">(OCoLC)9758207</subfield>
</datafield>
<datafield tag="040" ind1=" " ind2=" ">
<subfield code="a">DLC</subfield>
<subfield code="b">eng</subfield>
<subfield code="c">DLC</subfield>
<subfield code="d">OCLCF</subfield>
<subfield code="d">OCLCO</subfield>
<subfield code="d">OCLCQ</subfield>
<subfield code="d">ZYU</subfield>
</datafield>
<datafield tag="043" ind1=" " ind2=" ">
<subfield code="a">e-ur---</subfield>
</datafield>
<datafield tag="050" ind1="0" ind2="0">
<subfield code="a">DK34.S4</subfield>
<subfield code="b">G67 1981</subfield>
</datafield>
<datafield tag="082" ind1="0" ind2="0">
<subfield code="a">939/.51</subfield>
<subfield code="2">19</subfield>
</datafield>
<datafield tag="110" ind1="2" ind2=" ">
<subfield code="6">880-01</subfield>
<subfield code="a">Gosudarstvenny&#301; &#278;rmitazh (Russia).</subfield>
<subfield code="b">Otdel istorii pervobytno&#301; kul&#697;tury.</subfield>
</datafield>
<datafield tag="245" ind1="1" ind2="0">
<subfield code="6">880-02</subfield>
<subfield code="a">Skify :</subfield>
<subfield code="b">putevoditel&#697; po vystavke Otdela istorii pervobytno&#301; kul&#697;tury /</subfield>
<subfield code="c">[avtory, L.K. Galanina, I&#865;A.V. Domanski&#301;, G.I. Smirnova].</subfield>
</datafield>
<datafield tag="260" ind1=" " ind2=" ">
<subfield code="6">880-03</subfield>
<subfield code="a">Leningrad :</subfield>
<subfield code="b">"Iskusstvo, " Leningradskoe otd-nie,</subfield>
<subfield code="c">1981.</subfield>
</datafield>
<datafield tag="300" ind1=" " ind2=" ">
<subfield code="a">140</subfield>
<subfield code="b">illustrations (some color) ;</subfield>
<subfield code="c">17 cm</subfield>
</datafield>
<datafield tag="336" ind1=" " ind2=" ">
<subfield code="a">text</subfield>
<subfield code="b">txt</subfield>
<subfield code="2">rdacontent</subfield>
</datafield>
<datafield tag="337" ind1=" " ind2=" ">
<subfield code="a">unmediated</subfield>
<subfield code="b">n</subfield>
<subfield code="2">rdamedia</subfield>
</datafield>
<datafield tag="338" ind1=" " ind2=" ">
<subfield code="a">volume</subfield>
<subfield code="b">nc</subfield>
<subfield code="2">rdacarrier</subfield>
</datafield>
<datafield tag="500" ind1=" " ind2=" ">
<subfield code="a">ISAW copy is from the library of Aleksandr Leskov.</subfield>
<subfield code="5">NyNyUAW</subfield>
</datafield>
<datafield tag="500" ind1=" " ind2=" ">
<subfield code="6">880-04</subfield>
<subfield code="a">At head of title: Gosudarstvenny&#301; ordena Lenina &#278;rmitazh.</subfield>
</datafield>
<datafield tag="650" ind1=" " ind2="0">
<subfield code="a">Scythians.</subfield>
</datafield>
<datafield tag="700" ind1="1" ind2=" ">
<subfield code="6">880-05</subfield>
<subfield code="a">Galanina, L. K.</subfield>
<subfield code="q">(Li&#865;udmila Konstantinovna),</subfield>
<subfield code="d">1929-2010,</subfield>
<subfield code="e">author.</subfield>
</datafield>
<datafield tag="700" ind1="1" ind2=" ">
<subfield code="6">880-06</subfield>
<subfield code="a">Domanski&#301;, I&#865;A. V.</subfield>
<subfield code="q">(I&#865;Aroslav Vital&#697;evich),</subfield>
<subfield code="e">author.</subfield>
</datafield>
<datafield tag="700" ind1="1" ind2=" ">
<subfield code="6">880-07</subfield>
<subfield code="a">Smirnova, G. I.</subfield>
<subfield code="q">(Galina Ivanovna),</subfield>
<subfield code="e">author.</subfield>
</datafield>
<datafield tag="710" ind1="2" ind2=" ">
<subfield code="6">880-08</subfield>
<subfield code="a">Gosudarstvenny&#301; &#278;rmitazh (Russia),</subfield>
<subfield code="e">host institution.</subfield>
</datafield>
<datafield tag="776" ind1="0" ind2="8">
<subfield code="i">Online version:</subfield>
<subfield code="a">Gosudarstvenny&#301; &#278;rmitazh (Russia). Otdel istorii pervobytno&#301; kul&#697;tury.</subfield>
<subfield code="t">Skify.</subfield>
<subfield code="d">Leningrad : "Iskusstvo," Leningradskoe otd-nie, 1981</subfield>
<subfield code="w">(OCoLC)654238765</subfield>
</datafield>
<datafield tag="700" ind1="1" ind2=" ">
<subfield code="a">Leskov, Aleksandr Mikha&#301;lovich,</subfield>
<subfield code="e">former owner.</subfield>
<subfield code="5">NyNyUAW</subfield>
</datafield>
<datafield tag="740" ind1="0" ind2=" ">
<subfield code="a">Leskov Collection.</subfield>
<subfield code="5">NyNyUAW</subfield>
</datafield>
<datafield tag="880" ind1="2" ind2=" ">
<subfield code="6">110-01/</subfield>
<subfield code="a">&#1043;&#1086;&#1089;&#1091;&#1076;&#1072;&#1088;&#1089;&#1090;&#1074;&#1077;&#1085;&#1085;&#1099;&#1081; &#1069;&#1088;&#1084;&#1080;&#1090;&#1072;&#1078; (&#1056;&#1091;&#1089;&#1089;&#1080;&#1072;).</subfield>
<subfield code="b">&#1054;&#1090;&#1076;&#1077;&#1083; &#1080;&#1089;&#1090;&#1086;&#1088;&#1080;&#1080; &#1087;&#1077;&#1088;&#1074;&#1086;&#1073;&#1099;&#1090;&#1085;&#1086;&#1081; &#1082;&#1091;&#1083;&#1100;&#1090;&#1091;&#1088;&#1099;.</subfield>
</datafield>
<datafield tag="880" ind1="1" ind2="0">
<subfield code="6">245-02/</subfield>
<subfield code="a">&#1057;&#1082;&#1080;&#1092;&#1099; :</subfield>
<subfield code="b">&#1087;&#1091;&#1090;&#1077;&#1074;&#1086;&#1076;&#1080;&#1090;&#1077;&#1083;&#1100; &#1087;&#1086; &#1074;&#1099;&#1089;&#1090;&#1072;&#1074;&#1082;&#1077; &#1054;&#1090;&#1076;&#1077;&#1083;&#1072; &#1080;&#1089;&#1090;&#1086;&#1088;&#1080;&#1080; &#1087;&#1077;&#1088;&#1074;&#1086;&#1073;&#1099;&#1090;&#1085;&#1086;&#1081; &#1082;&#1091;&#1083;&#1100;&#1090;&#1091;&#1088;&#1099; /</subfield>
<subfield code="c">[&#1072;&#1074;&#1090;&#1086;&#1088;&#1099;, &#1051;.&#1050;. &#1043;&#1072;&#1083;&#1072;&#1085;&#1080;&#1085;&#1072;, &#1071;.&#1042;. &#1044;&#1086;&#1084;&#1072;&#1085;&#1089;&#1082;&#1080;&#1081;, &#1043;.&#1048;. &#1057;&#1084;&#1080;&#1088;&#1085;&#1086;&#1074;&#1072;].</subfield>
</datafield>
<datafield tag="880" ind1=" " ind2=" ">
<subfield code="6">260-03/</subfield>
<subfield code="a">&#1051;&#1077;&#1085;&#1080;&#1085;&#1075;&#1088;&#1072;&#1076; :</subfield>
<subfield code="b">"&#1048;&#1089;&#1082;&#1091;&#1089;&#1089;&#1090;&#1074;&#1086;, " &#1051;&#1077;&#1085;&#1080;&#1085;&#1075;&#1088;&#1072;&#1076;&#1089;&#1082;&#1086;&#1077; &#1086;&#1090;&#1076;-&#1085;&#1080;&#1077;,</subfield>
<subfield code="c">1981.</subfield>
</datafield>
<datafield tag="880" ind1=" " ind2=" ">
<subfield code="6">500-04/</subfield>
<subfield code="a">&#1040;t head of title: &#1043;&#1086;&#1089;&#1091;&#1076;&#1072;&#1088;&#1089;&#1090;&#1074;&#1077;&#1085;&#1085;&#1099;&#1081; &#1086;&#1088;&#1076;&#1077;&#1085;&#1072; &#1051;&#1077;&#1085;&#1080;&#1085;&#1072; &#1069;&#1088;&#1084;&#1080;&#1090;&#1072;&#1078;.</subfield>
</datafield>
<datafield tag="880" ind1="1" ind2=" ">
<subfield code="6">700-05/</subfield>
<subfield code="a">&#1043;&#1072;&#1083;&#1072;&#1085;&#1080;&#1085;&#1072;, &#1051;. K.</subfield>
<subfield code="q">(&#1051;&#1102;&#1076;&#1084;&#1080;&#1083;&#1072; &#1050;&#1086;&#1085;&#1089;&#1090;&#1072;&#1085;&#1090;&#1080;&#1085;&#1086;&#1074;&#1085;&#1072;),</subfield>
<subfield code="d">1929-2010,</subfield>
<subfield code="e">&#1072;uthor.</subfield>
</datafield>
<datafield tag="880" ind1="1" ind2=" ">
<subfield code="6">700-06/</subfield>
<subfield code="a">&#1044;&#1086;&#1084;&#1072;&#1085;&#1089;&#1082;&#1080;&#1081;, &#1071;. &#1042;.</subfield>
<subfield code="q">(&#1071;&#1088;&#1086;&#1089;&#1083;&#1072;&#1074; &#1042;&#1080;&#1090;&#1072;&#1083;&#1100;&#1077;&#1074;&#1080;&#1095;),</subfield>
<subfield code="e">author.</subfield>
</datafield>
<datafield tag="880" ind1="1" ind2=" ">
<subfield code="6">700-07/</subfield>
<subfield code="a">&#1057;&#1084;&#1080;&#1088;&#1085;&#1086;&#1074;&#1072;, &#1043;. &#1048;.</subfield>
<subfield code="q">(&#1043;&#1072;&#1083;&#1080;&#1085;&#1072; &#1048;&#1074;&#1072;&#1085;&#1086;&#1074;&#1085;&#1072;),</subfield>
<subfield code="e">author.</subfield>
</datafield>
<datafield tag="880" ind1="2" ind2=" ">
<subfield code="6">710-08/</subfield>
<subfield code="a">&#1043;&#1086;&#1089;&#1091;&#1076;&#1072;&#1088;&#1089;&#1090;&#1074;&#1077;&#1085;&#1085;&#1099;&#1081; &#1069;&#1088;&#1084;&#1080;&#1090;&#1072;&#1078; (Russia),</subfield>
<subfield code="e">host institution.</subfield>
</datafield>
<datafield tag="OWN" ind1=" " ind2=" ">
<subfield code="a">GENERAL</subfield>
</datafield>
<datafield tag="AVA" ind1=" " ind2=" ">
<subfield code="a">NYU50</subfield>
<subfield code="b">NISAW</subfield>
<subfield code="c">Small Collection</subfield>
<subfield code="d">DK34.S4 G67 1981 Non-circulating</subfield>
<subfield code="e">unavailable</subfield>
<subfield code="t">Unavailable</subfield>
<subfield code="f">1</subfield>
<subfield code="g">1</subfield>
<subfield code="h">N</subfield>
<subfield code="i">0</subfield>
<subfield code="j">SMALL</subfield>
<subfield code="k">0</subfield>
</datafield>
</record>