<record xmlns="http://www.loc.gov/MARC21/slim" xmlns:xsi="http://www.w3.org/2001/XMLSchema-instance" xsi:schemaLocation="http://www.loc.gov/MARC21/slim http://www.loc.gov/standards/marcxml/schema/MARC21slim.xsd">
<leader>00000cas a2200577 a 4500</leader>
<controlfield tag="FMT">SE</controlfield>
<controlfield tag="LDR">00000cas a2200577 a 4500</controlfield>
<controlfield tag="001">005971969</controlfield>
<controlfield tag="003">OCoLC</controlfield>
<controlfield tag="005">20180125002458.0</controlfield>
<controlfield tag="008">180124c19889999ru ar p       1    0ruso</controlfield>
<datafield tag="010" ind1=" " ind2=" ">
<subfield code="a">95646967</subfield>
</datafield>
<datafield tag="016" ind1="7" ind2=" ">
<subfield code="a">008520848</subfield>
<subfield code="2">Uk</subfield>
</datafield>
<datafield tag="035" ind1=" " ind2=" ">
<subfield code="a">(OCoLC)32737417</subfield>
</datafield>
<datafield tag="040" ind1=" " ind2=" ">
<subfield code="a">DLC</subfield>
<subfield code="b">eng</subfield>
<subfield code="c">DLC</subfield>
<subfield code="d">HUL</subfield>
<subfield code="d">SYS</subfield>
<subfield code="d">DLC</subfield>
<subfield code="d">OCLCQ</subfield>
<subfield code="d">UKMGB</subfield>
<subfield code="d">OCLCQ</subfield>
<subfield code="d">ZCU</subfield>
<subfield code="d">OCLCO</subfield>
<subfield code="d">OCLCF</subfield>
<subfield code="d">IUL</subfield>
<subfield code="d">OCLCO</subfield>
<subfield code="d">DLC</subfield>
<subfield code="d">NNU</subfield>
</datafield>
<datafield tag="042" ind1=" " ind2=" ">
<subfield code="a">pcc</subfield>
</datafield>
<datafield tag="043" ind1=" " ind2=" ">
<subfield code="a">e-ru---</subfield>
<subfield code="a">e-un---</subfield>
</datafield>
<datafield tag="050" ind1="0" ind2="0">
<subfield code="a">DK651.A9</subfield>
<subfield code="b">I78</subfield>
</datafield>
<datafield tag="079" ind1=" " ind2=" ">
<subfield code="a">(OCoLC)32737417</subfield>
</datafield>
<datafield tag="090" ind1=" " ind2=" ">
<subfield code="a">DK500.A95</subfield>
<subfield code="b">I78</subfield>
</datafield>
<datafield tag="245" ind1="0" ind2="0">
<subfield code="6">880-01</subfield>
<subfield code="a">Istoriko-arkheologicheskie issledovanii&#865;a v g. Azove i na Nizhnem Donu v ... g. /</subfield>
<subfield code="c">Azovski&#301; kraevedcheski&#301; muze&#301;.</subfield>
</datafield>
<datafield tag="246" ind1="1" ind2=" ">
<subfield code="6">880-02</subfield>
<subfield code="i">Issues for &lt;1998-&gt;have title:</subfield>
<subfield code="a">Istoriko-arkheologicheskie issledovanii&#865;a v Azove i na Nizhnem Donu v ... g.</subfield>
</datafield>
<datafield tag="246" ind1="1" ind2=" ">
<subfield code="i">Also has English title, &lt;2012-&gt;:</subfield>
<subfield code="a">Historical and archaeological research in Azov and the Lower Don in ...</subfield>
</datafield>
<datafield tag="260" ind1=" " ind2=" ">
<subfield code="6">880-03</subfield>
<subfield code="a">Azov Rostovsko&#301; oblasti :</subfield>
<subfield code="b">Muze&#301;</subfield>
</datafield>
<datafield tag="260" ind1="3" ind2=" ">
<subfield code="6">880-04</subfield>
<subfield code="3">&lt;2016-&gt;:</subfield>
<subfield code="a">Azov :</subfield>
<subfield code="b">Azovski&#301; istoriko-arkheologicheski&#301; i paleontologicheski&#301; muze&#301;-zapovednik</subfield>
</datafield>
<datafield tag="300" ind1=" " ind2=" ">
<subfield code="a">v. :</subfield>
<subfield code="b">ill. ;</subfield>
<subfield code="c">20 cm.</subfield>
</datafield>
<datafield tag="310" ind1=" " ind2=" ">
<subfield code="a">Annual</subfield>
</datafield>
<datafield tag="362" ind1="1" ind2=" ">
<subfield code="a">Began in 1988.</subfield>
</datafield>
<datafield tag="515" ind1=" " ind2=" ">
<subfield code="6">880-05</subfield>
<subfield code="a">Issues for &lt;1989-2013/2014&gt;also called &lt;vyp. 9.-29&gt;</subfield>
</datafield>
<datafield tag="546" ind1=" " ind2=" ">
<subfield code="a">Russian, with added table of contents in English, &lt;2013/2014-&gt;</subfield>
</datafield>
<datafield tag="588" ind1=" " ind2=" ">
<subfield code="a">Description based on: 1989.</subfield>
</datafield>
<datafield tag="588" ind1=" " ind2=" ">
<subfield code="a">Latest issue consulted: 2013/2014.</subfield>
</datafield>
<datafield tag="650" ind1=" " ind2="0">
<subfield code="a">Excavations (Archaeology)</subfield>
<subfield code="z">Azov, Sea of, Watershed (Ukraine and Russia)</subfield>
</datafield>
<datafield tag="650" ind1=" " ind2="0">
<subfield code="a">Excavations (Archaeology)</subfield>
<subfield code="z">Russia (Federation)</subfield>
<subfield code="z">Don River Region.</subfield>
</datafield>
<datafield tag="651" ind1=" " ind2="0">
<subfield code="a">Azov, Sea of, Watershed (Ukraine and Russia)</subfield>
<subfield code="x">Antiquities</subfield>
<subfield code="v">Periodicals.</subfield>
</datafield>
<datafield tag="651" ind1=" " ind2="0">
<subfield code="a">Don River Region (Russia)</subfield>
<subfield code="x">Antiquities</subfield>
<subfield code="v">Periodicals.</subfield>
</datafield>
<datafield tag="651" ind1=" " ind2="0">
<subfield code="6">880-06</subfield>
<subfield code="a">Azov (Russia)</subfield>
<subfield code="x">Antiquities.</subfield>
</datafield>
<datafield tag="650" ind1=" " ind2="0">
<subfield code="a">Excavations (Archaeology)</subfield>
<subfield code="z">Russia (Federation)</subfield>
<subfield code="z">Azov.</subfield>
</datafield>
<datafield tag="651" ind1=" " ind2="7">
<subfield code="a">Maeotis.</subfield>
<subfield code="2">pleiades</subfield>
<subfield code="0">https://pleiades.stoa.org/places/825318</subfield>
<subfield code="5">NyNyUAW</subfield>
</datafield>
<datafield tag="651" ind1=" " ind2="7">
<subfield code="a">Tanais (river)</subfield>
<subfield code="x">pleiades.</subfield>
<subfield code="0">https://pleiades.stoa.org/places/825398</subfield>
<subfield code="5">NyNyUAW</subfield>
</datafield>
<datafield tag="650" ind1=" " ind2="7">
<subfield code="a">Antiquities.</subfield>
<subfield code="2">fast</subfield>
<subfield code="0">(OCoLC)fst00810745</subfield>
</datafield>
<datafield tag="650" ind1=" " ind2="7">
<subfield code="a">Excavations (Archaeology)</subfield>
<subfield code="2">fast</subfield>
<subfield code="0">(OCoLC)fst00917564</subfield>
</datafield>
<datafield tag="651" ind1=" " ind2="7">
<subfield code="a">Russia (Federation)</subfield>
<subfield code="z">Azov.</subfield>
<subfield code="2">fast</subfield>
<subfield code="0">(OCoLC)fst01265795</subfield>
</datafield>
<datafield tag="710" ind1="2" ind2=" ">
<subfield code="6">880-07</subfield>
<subfield code="a">Azovski&#301; kraevedcheski&#301; muze&#301;.</subfield>
</datafield>
<datafield tag="710" ind1="2" ind2=" ">
<subfield code="a">Azovski&#301; istoriko-arkheologicheski&#301; i paleontologicheski&#301; muze&#301;-zapovednik.</subfield>
</datafield>
<datafield tag="780" ind1="0" ind2="0">
<subfield code="6">880-08</subfield>
<subfield code="t">Issledovanii&#865;a Azovo-Donet&#865;sko&#301; &#279;kspedit&#865;sii</subfield>
</datafield>
<datafield tag="880" ind1="0" ind2="0">
<subfield code="6">245-01/</subfield>
<subfield code="a">&#1048;&#1089;&#1090;&#1086;&#1088;&#1080;&#1082;&#1086;-&#1072;&#1088;&#1093;&#1077;&#1086;&#1083;&#1086;&#1075;&#1080;&#1095;&#1077;&#1089;&#1082;&#1080;&#1077; &#1080;&#1089;&#1089;&#1083;&#1077;&#1076;&#1086;&#1074;&#1072;&#1085;&#1080;&#1103; &#1074; &#1075;. &#1040;&#1079;&#1086;&#1074;&#1077; &#1080; &#1085;&#1072; &#1053;&#1080;&#1078;&#1085;&#1077;&#1084; &#1044;&#1086;&#1085;&#1091; &#1074; ... &#1075;. /</subfield>
<subfield code="c">&#1040;&#1079;&#1086;&#1074;&#1089;&#1082;&#1080;&#1081; &#1082;&#1088;&#1072;&#1077;&#1074;&#1077;&#1076;&#1095;&#1077;&#1089;&#1082;&#1080;&#1081; &#1084;&#1091;&#1079;&#1077;&#1081;.</subfield>
</datafield>
<datafield tag="880" ind1="1" ind2=" ">
<subfield code="6">246-02/</subfield>
<subfield code="i">Issues for &lt;1998-&gt;have title:</subfield>
<subfield code="a">&#1048;&#1089;&#1090;&#1086;&#1088;&#1080;&#1082;&#1086;-&#1072;&#1088;&#1093;&#1077;&#1086;&#1083;&#1086;&#1075;&#1080;&#1095;&#1077;&#1089;&#1082;&#1080;&#1077; &#1080;&#1089;&#1089;&#1083;&#1077;&#1076;&#1086;&#1074;&#1072;&#1085;&#1080;&#1103; &#1074; &#1040;&#1079;&#1086;&#1074;&#1077; &#1080; &#1085;&#1072; &#1053;&#1080;&#1078;&#1085;&#1077;&#1084; &#1044;&#1086;&#1085;&#1091; &#1074; ... &#1075;.</subfield>
</datafield>
<datafield tag="880" ind1=" " ind2=" ">
<subfield code="6">260-03/</subfield>
<subfield code="a">&#1040;&#1079;&#1086;&#1074; &#1056;&#1086;&#1089;&#1090;&#1086;&#1074;&#1089;&#1082;&#1086;&#1081; &#1086;&#1073;&#1083;&#1072;&#1089;&#1090;&#1080; :</subfield>
<subfield code="b">&#1052;&#1091;&#1079;&#1077;&#1081;</subfield>
</datafield>
<datafield tag="880" ind1="3" ind2=" ">
<subfield code="6">260-04/</subfield>
<subfield code="3">&lt;2016-&gt;:</subfield>
<subfield code="a">&#1040;&#1079;&#1086;&#1074; :</subfield>
<subfield code="b">&#1040;&#1079;&#1086;&#1074;&#1089;&#1082;&#1080;&#1081; &#1080;&#1089;&#1090;&#1086;&#1088;&#1080;&#1082;&#1086;-&#1072;&#1088;&#1093;&#1077;&#1086;&#1083;&#1086;&#1075;&#1080;&#1095;&#1077;&#1089;&#1082;&#1080;&#1081; &#1080; &#1087;&#1072;&#1083;&#1077;&#1086;&#1085;&#1090;&#1086;&#1083;&#1086;&#1075;&#1080;&#1095;&#1077;&#1089;&#1082;&#1080;&#1081; &#1084;&#1091;&#1079;&#1077;&#1081;-&#1079;&#1072;&#1087;&#1086;&#1074;&#1077;&#1076;&#1085;&#1080;&#1082;</subfield>
</datafield>
<datafield tag="880" ind1=" " ind2=" ">
<subfield code="6">515-05/</subfield>
<subfield code="a">Issues for &lt;1989-2013/2014&gt;also called &lt;&#1074;&#1099;&#1087;. 9.-29.&gt;</subfield>
</datafield>
<datafield tag="880" ind1=" " ind2="0">
<subfield code="6">651-06/</subfield>
<subfield code="a">&#1040;&#1079;&#1086;&#1074; (Russia)</subfield>
<subfield code="x">Antiquities.</subfield>
</datafield>
<datafield tag="880" ind1="2" ind2=" ">
<subfield code="6">710-07/</subfield>
<subfield code="a">&#1040;&#1079;&#1086;&#1074;&#1089;&#1082;&#1080;&#1081; &#1082;&#1088;&#1072;&#1077;&#1074;&#1077;&#1076;&#1095;&#1077;&#1089;&#1082;&#1080;&#1081; &#1084;&#1091;&#1079;&#1077;&#1081;.</subfield>
</datafield>
<datafield tag="880" ind1="0" ind2="0">
<subfield code="6">780-08/</subfield>
<subfield code="t">&#1048;&#1089;&#1089;&#1083;&#1077;&#1076;&#1086;&#1074;&#1072;&#1085;&#1080;&#1103; &#1040;&#1079;&#1086;&#1074;&#1086;-&#1044;&#1086;&#1085;&#1077;&#1094;&#1082;&#1086;&#1081; &#1101;&#1082;&#1089;&#1087;&#1077;&#1076;&#1080;&#1094;&#1080;&#1080;</subfield>
</datafield>
<datafield tag="891" ind1="3" ind2="3">
<subfield code="8">1</subfield>
<subfield code="a">vyp.</subfield>
<subfield code="i">(year)</subfield>
</datafield>
<datafield tag="891" ind1="4" ind2="0">
<subfield code="8">1</subfield>
<subfield code="a">&lt;9&gt;-</subfield>
<subfield code="i">&lt;1989&gt;-</subfield>
<subfield code="x">provisional</subfield>
</datafield>
<datafield tag="994" ind1=" " ind2=" ">
<subfield code="a">Z0</subfield>
<subfield code="b">ZYU</subfield>
</datafield>
<datafield tag="OWN" ind1=" " ind2=" ">
<subfield code="a">GENERAL</subfield>
</datafield>
<datafield tag="AVA" ind1=" " ind2=" ">
<subfield code="a">NYU50</subfield>
<subfield code="b">NISAW</subfield>
<subfield code="c">Oak Collection</subfield>
<subfield code="d">DK500.A95 I78 Non-circulating</subfield>
<subfield code="e">available</subfield>
<subfield code="t">Available</subfield>
<subfield code="f">3</subfield>
<subfield code="g">0</subfield>
<subfield code="h">Y</subfield>
<subfield code="i">0</subfield>
<subfield code="j">OAK</subfield>
<subfield code="k">0</subfield>
</datafield>
</record>