<record xmlns="http://www.loc.gov/MARC21/slim" xmlns:xsi="http://www.w3.org/2001/XMLSchema-instance" xsi:schemaLocation="http://www.loc.gov/MARC21/slim http://www.loc.gov/standards/marcxml/schema/MARC21slim.xsd">
<leader>00000cam a22     Ia 4500</leader>
<controlfield tag="FMT">BK</controlfield>
<controlfield tag="LDR">00000cam a22     Ia 4500</controlfield>
<controlfield tag="001">006213678</controlfield>
<controlfield tag="005">20180622144639.0</controlfield>
<controlfield tag="008">180619s2002    ru a     bc   000 0 rusod</controlfield>
<datafield tag="035" ind1=" " ind2=" ">
<subfield code="a">(OCoLC)123898969</subfield>
</datafield>
<datafield tag="040" ind1=" " ind2=" ">
<subfield code="a">NYP</subfield>
<subfield code="b">eng</subfield>
<subfield code="c">NYP</subfield>
<subfield code="d">OCLCF</subfield>
<subfield code="d">OCLCQ</subfield>
<subfield code="d">JPG</subfield>
<subfield code="d">OCLCO</subfield>
<subfield code="d">OCL</subfield>
<subfield code="d">OCLCO</subfield>
<subfield code="d">ZYU</subfield>
</datafield>
<datafield tag="041" ind1="0" ind2=" ">
<subfield code="a">rus</subfield>
<subfield code="b">eng</subfield>
</datafield>
<datafield tag="043" ind1=" " ind2=" ">
<subfield code="a">e-gr---</subfield>
<subfield code="a">e-un---</subfield>
</datafield>
<datafield tag="050" ind1=" " ind2="4">
<subfield code="a">DK508.9.B57</subfield>
<subfield code="b">N35 2002</subfield>
</datafield>
<datafield tag="245" ind1="0" ind2="0">
<subfield code="6">880-01</subfield>
<subfield code="a">Na krai&#865;u o&#301;kumeny :</subfield>
<subfield code="b">greki i varvary na severnom beregu Ponta &#278;vksinskogo : iz fondov Gosudarstvennogo istoricheskogo muzei&#865;a, Gosudarstvennogo muzei&#865;a Vostoka, Krasnodarskogo gosudarstvennogo istoriko-arkheologicheskogo muzei&#865;a-zapovednika /</subfield>
<subfield code="c">[avtory vystavki D.V. Zhuravlev ... et al., avtory kataloga P.D. Diatroptov and others].</subfield>
</datafield>
<datafield tag="246" ind1="1" ind2="5">
<subfield code="a">On the edge of oikoumene :</subfield>
<subfield code="b">Greeks and Barbarians on the northern coast of the Pontus Euxinus</subfield>
</datafield>
<datafield tag="260" ind1=" " ind2=" ">
<subfield code="6">880-02</subfield>
<subfield code="a">Moskva :</subfield>
<subfield code="b">Tip. "Novosti",</subfield>
<subfield code="c">2002.</subfield>
</datafield>
<datafield tag="300" ind1=" " ind2=" ">
<subfield code="a">141 pages :</subfield>
<subfield code="b">chiefly color illustrations ;</subfield>
<subfield code="c">30 cm</subfield>
</datafield>
<datafield tag="336" ind1=" " ind2=" ">
<subfield code="a">text</subfield>
<subfield code="b">txt</subfield>
<subfield code="2">rdacontent</subfield>
</datafield>
<datafield tag="337" ind1=" " ind2=" ">
<subfield code="a">unmediated</subfield>
<subfield code="b">n</subfield>
<subfield code="2">rdamedia</subfield>
</datafield>
<datafield tag="338" ind1=" " ind2=" ">
<subfield code="a">volume</subfield>
<subfield code="b">nc</subfield>
<subfield code="2">rdacarrier</subfield>
</datafield>
<datafield tag="500" ind1=" " ind2=" ">
<subfield code="a">ISAW copy is from the library of Aleksandr Leskov.</subfield>
<subfield code="5">NyNyUAW</subfield>
</datafield>
<datafield tag="500" ind1=" " ind2=" ">
<subfield code="a">Catalog of an exhibition held at the State Historical Museum (Moscow, Russia), May 30-August 15, 2002.</subfield>
</datafield>
<datafield tag="546" ind1=" " ind2=" ">
<subfield code="a">Summary in English.</subfield>
</datafield>
<datafield tag="504" ind1=" " ind2=" ">
<subfield code="a">Includes bibliographical references (pages 140-141).</subfield>
</datafield>
<datafield tag="651" ind1=" " ind2="0">
<subfield code="a">Black Sea Lowland (Ukraine)</subfield>
<subfield code="x">Antiquities</subfield>
<subfield code="v">Exhibitions.</subfield>
</datafield>
<datafield tag="650" ind1=" " ind2="0">
<subfield code="a">Civilization, Ancient</subfield>
<subfield code="v">Exhibitions.</subfield>
</datafield>
<datafield tag="650" ind1=" " ind2="0">
<subfield code="a">Greeks</subfield>
<subfield code="z">Ukraine</subfield>
<subfield code="z">Black Sea Lowland</subfield>
<subfield code="v">Exhibitions.</subfield>
</datafield>
<datafield tag="610" ind1="2" ind2="0">
<subfield code="a">Gosudarstvenny&#301; istoricheski&#301; muze&#301; (Moscow, Russia)</subfield>
<subfield code="v">Exhibitions.</subfield>
</datafield>
<datafield tag="610" ind1="2" ind2="0">
<subfield code="a">Gosudarstvenny&#301; muze&#301; Vostoka (Russia)</subfield>
<subfield code="v">Exhibitions.</subfield>
</datafield>
<datafield tag="610" ind1="2" ind2="0">
<subfield code="a">Krasnodarski&#301; gosudarstvenny&#301; istoriko-arkheologicheski&#301; muze&#301;-zapovednik</subfield>
<subfield code="v">Exhibitions.</subfield>
</datafield>
<datafield tag="651" ind1=" " ind2="7">
<subfield code="a">Pontus Euxinus.</subfield>
<subfield code="2">pleiades</subfield>
<subfield code="0">https://pleiades.stoa.org/places/1224</subfield>
</datafield>
<datafield tag="700" ind1="1" ind2=" ">
<subfield code="6">880-03</subfield>
<subfield code="a">Zhuravlev, D. V.,</subfield>
<subfield code="e">curator.</subfield>
</datafield>
<datafield tag="700" ind1="1" ind2=" ">
<subfield code="6">880-04</subfield>
<subfield code="a">Diatroptov, P. D.</subfield>
<subfield code="q">(Pavel Danilovich),</subfield>
<subfield code="e">writer of added text.</subfield>
</datafield>
<datafield tag="700" ind1="1" ind2=" ">
<subfield code="a">Leskov, Aleksandr Mikha&#301;lovich,</subfield>
<subfield code="e">former owner.</subfield>
<subfield code="5">NyNyUAW</subfield>
</datafield>
<datafield tag="740" ind1="0" ind2=" ">
<subfield code="a">Leskov Collection.</subfield>
<subfield code="5">NyNyUAW</subfield>
</datafield>
<datafield tag="880" ind1="0" ind2="0">
<subfield code="6">245-01/</subfield>
<subfield code="a">&#1053;&#1072; &#1082;&#1088;&#1072;&#1102; &#1086;&#1081;&#1082;&#1091;&#1084;&#1077;&#1085;&#1099; :</subfield>
<subfield code="b">&#1075;&#1088;&#1077;&#1082;&#1080; &#1080; &#1074;&#1072;&#1088;&#1074;&#1072;&#1088;&#1099; &#1085;&#1072; &#1089;&#1077;&#1074;&#1077;&#1088;&#1085;&#1086;&#1084; &#1073;&#1077;&#1088;&#1077;&#1075;&#1091; &#1055;&#1086;&#1085;&#1090;&#1072; &#1069;&#1074;&#1082;&#1089;&#1080;&#1085;&#1089;&#1082;&#1086;&#1075;&#1086; : &#1080;&#1079; &#1092;&#1086;&#1085;&#1076;&#1086;&#1074; &#1043;&#1086;&#1089;&#1091;&#1076;&#1072;&#1088;&#1089;&#1090;&#1074;&#1077;&#1085;&#1085;&#1086;&#1075;&#1086; &#1080;&#1089;&#1090;&#1086;&#1088;&#1080;&#1095;&#1077;&#1089;&#1082;&#1086;&#1075;&#1086; &#1084;&#1091;&#1079;&#1077;&#1103;, &#1043;&#1086;&#1089;&#1091;&#1076;&#1072;&#1088;&#1089;&#1090;&#1074;&#1077;&#1085;&#1085;&#1086;&#1075;&#1086; &#1084;&#1091;&#1079;&#1077;&#1103; &#1042;&#1086;&#1089;&#1090;&#1086;&#1082;&#1072;, &#1050;&#1088;&#1072;&#1089;&#1085;&#1086;&#1076;&#1072;&#1088;&#1089;&#1082;&#1086;&#1075;&#1086; &#1075;&#1086;&#1089;&#1091;&#1076;&#1072;&#1088;&#1089;&#1090;&#1074;&#1077;&#1085;&#1085;&#1086;&#1075;&#1086; &#1080;&#1089;&#1090;&#1086;&#1088;&#1080;&#1082;&#1086;-&#1072;&#1088;&#1093;&#1077;&#1086;&#1083;&#1086;&#1075;&#1080;&#1095;&#1077;&#1089;&#1082;&#1086;&#1075;&#1086; &#1084;&#1091;&#1079;&#1077;&#1103;-&#1079;&#1072;&#1087;&#1086;&#1074;&#1077;&#1076;&#1085;&#1080;&#1082;&#1072; /</subfield>
<subfield code="c">[&#1072;&#1074;&#1090;&#1086;&#1088;&#1099; &#1074;&#1099;&#1089;&#1090;&#1072;&#1074;&#1082;&#1080; &#1044;.&#1042;. &#1046;&#1091;&#1088;&#1072;&#1074;&#1083;&#1077;&#1074; ... &#1077;t al., &#1072;&#1074;&#1090;&#1086;&#1088;&#1099; &#1082;&#1072;&#1090;&#1072;&#1083;&#1086;&#1075;&#1072; &#1055;.&#1044;. &#1044;&#1080;&#1072;&#1090;&#1088;&#1086;&#1087;&#1090;&#1086;&#1074; and others].</subfield>
</datafield>
<datafield tag="880" ind1=" " ind2=" ">
<subfield code="6">260-02/</subfield>
<subfield code="a">&#1052;&#1086;&#1089;&#1082;&#1074;&#1072; :</subfield>
<subfield code="b">&#1058;&#1080;&#1087;. "&#1053;&#1086;&#1074;&#1086;&#1089;&#1090;&#1080;",</subfield>
<subfield code="c">2002.</subfield>
</datafield>
<datafield tag="880" ind1="1" ind2=" ">
<subfield code="6">700-03/</subfield>
<subfield code="a">&#1046;&#1091;&#1088;&#1072;&#1074;&#1083;&#1077;&#1074;, &#1044;. &#1042;.,</subfield>
<subfield code="e">curator.</subfield>
</datafield>
<datafield tag="880" ind1="1" ind2=" ">
<subfield code="6">700-04/</subfield>
<subfield code="a">&#1044;&#1080;&#1072;&#1090;&#1088;&#1086;&#1087;&#1090;&#1086;&#1074;, &#1055;. &#1044;.</subfield>
<subfield code="q">(&#1055;&#1072;&#1074;&#1077;&#1083; &#1044;&#1072;&#1085;&#1080;&#1083;&#1086;&#1074;&#1080;&#1095;),</subfield>
<subfield code="e">writer of added text.</subfield>
</datafield>
<datafield tag="OWN" ind1=" " ind2=" ">
<subfield code="a">GENERAL</subfield>
</datafield>
<datafield tag="AVA" ind1=" " ind2=" ">
<subfield code="a">NYU50</subfield>
<subfield code="b">NISAW</subfield>
<subfield code="c">Large Collection</subfield>
<subfield code="d">DK508.9.B57 N35 2002 Non-circulating</subfield>
<subfield code="e">available</subfield>
<subfield code="t">Available</subfield>
<subfield code="f">1</subfield>
<subfield code="g">0</subfield>
<subfield code="h">N</subfield>
<subfield code="i">0</subfield>
<subfield code="j">LARGE</subfield>
<subfield code="k">0</subfield>
</datafield>
</record>