<record xmlns="http://www.loc.gov/MARC21/slim" xmlns:xsi="http://www.w3.org/2001/XMLSchema-instance" xsi:schemaLocation="http://www.loc.gov/MARC21/slim http://www.loc.gov/standards/marcxml/schema/MARC21slim.xsd">
<leader>00000cam a22     Ia 4500</leader>
<controlfield tag="FMT">BK</controlfield>
<controlfield tag="LDR">00000cam a22     Ia 4500</controlfield>
<controlfield tag="001">006205782</controlfield>
<controlfield tag="005">20180622161131.0</controlfield>
<controlfield tag="008">180611s1983    ru       b    001 0 rusod</controlfield>
<datafield tag="035" ind1=" " ind2=" ">
<subfield code="a">(OCoLC)35256887</subfield>
</datafield>
<datafield tag="040" ind1=" " ind2=" ">
<subfield code="a">EYM</subfield>
<subfield code="b">eng</subfield>
<subfield code="c">EYM</subfield>
<subfield code="d">OCL</subfield>
<subfield code="d">OCLCQ</subfield>
<subfield code="d">OCLCG</subfield>
<subfield code="d">OCLCQ</subfield>
<subfield code="d">OCLCO</subfield>
<subfield code="d">OCLCF</subfield>
<subfield code="d">ZYU</subfield>
</datafield>
<datafield tag="043" ind1=" " ind2=" ">
<subfield code="a">e-ru---</subfield>
<subfield code="a">e-urr--</subfield>
</datafield>
<datafield tag="050" ind1=" " ind2="4">
<subfield code="a">DK511.A28</subfield>
<subfield code="b">B53 1983</subfield>
</datafield>
<datafield tag="050" ind1=" " ind2="4">
<subfield code="a">GR203.2.C57</subfield>
<subfield code="b">B511 1983</subfield>
</datafield>
<datafield tag="100" ind1="1" ind2=" ">
<subfield code="6">880-01</subfield>
<subfield code="a">Bgazhnokov, B. Kh.</subfield>
<subfield code="q">(Barasbi Khachimovich),</subfield>
<subfield code="e">author.</subfield>
</datafield>
<datafield tag="245" ind1="1" ind2="0">
<subfield code="6">880-02</subfield>
<subfield code="a">Ocherki &#279;tnografii obshchenii&#865;a adygov /</subfield>
<subfield code="c">B. Kh. Blazhnokov.</subfield>
</datafield>
<datafield tag="260" ind1=" " ind2=" ">
<subfield code="6">880-03</subfield>
<subfield code="a">Nal&#697;chik :</subfield>
<subfield code="b">&#278;l&#697;brus,</subfield>
<subfield code="c">1983.</subfield>
</datafield>
<datafield tag="300" ind1=" " ind2=" ">
<subfield code="a">228 pages ;</subfield>
<subfield code="c">21 cm</subfield>
</datafield>
<datafield tag="336" ind1=" " ind2=" ">
<subfield code="a">text</subfield>
<subfield code="b">txt</subfield>
<subfield code="2">rdacontent</subfield>
</datafield>
<datafield tag="337" ind1=" " ind2=" ">
<subfield code="a">unmediated</subfield>
<subfield code="b">n</subfield>
<subfield code="2">rdamedia</subfield>
</datafield>
<datafield tag="338" ind1=" " ind2=" ">
<subfield code="a">volume</subfield>
<subfield code="b">nc</subfield>
<subfield code="2">rdacarrier</subfield>
</datafield>
<datafield tag="500" ind1=" " ind2=" ">
<subfield code="a">ISAW copy is from the library of Aleksandr Leskov.</subfield>
<subfield code="5">NyNyUAW</subfield>
</datafield>
<datafield tag="504" ind1=" " ind2=" ">
<subfield code="a">Includes bibliographical references and indexes.</subfield>
</datafield>
<datafield tag="650" ind1=" " ind2="0">
<subfield code="a">Adygei</subfield>
<subfield code="x">Social life and customs.</subfield>
</datafield>
<datafield tag="650" ind1=" " ind2="0">
<subfield code="a">Ethnology</subfield>
<subfield code="z">Russia (Federation)</subfield>
<subfield code="z">Caucasus, Northern.</subfield>
</datafield>
<datafield tag="776" ind1="0" ind2="8">
<subfield code="i">Online version:</subfield>
<subfield code="a">Bgazhnokov, B. Kh. (Barasbi Khachimovich).</subfield>
<subfield code="t">Ocherki &#279;tnografii obshchenii&#865;a adygov.</subfield>
<subfield code="d">Nal&#697;chik : &#278;l&#697;brus, 1983</subfield>
<subfield code="w">(OCoLC)645775628</subfield>
</datafield>
<datafield tag="700" ind1="1" ind2=" ">
<subfield code="a">Leskov, Aleksandr Mikha&#301;lovich,</subfield>
<subfield code="e">former owner.</subfield>
<subfield code="5">NyNyUAW</subfield>
</datafield>
<datafield tag="740" ind1="0" ind2=" ">
<subfield code="a">Leskov Collection.</subfield>
<subfield code="5">NyNyUAW</subfield>
</datafield>
<datafield tag="880" ind1="1" ind2=" ">
<subfield code="6">100-01/</subfield>
<subfield code="a">&#1041;&#1075;&#1072;&#1078;&#1085;&#1086;&#1082;&#1086;&#1074;, &#1041;. &#1061;.</subfield>
<subfield code="q">(&#1041;&#1072;&#1088;&#1072;&#1089;&#1073;&#1080; &#1061;&#1072;&#1095;&#1080;&#1084;&#1086;&#1074;&#1080;&#1095;),</subfield>
<subfield code="e">author.</subfield>
</datafield>
<datafield tag="880" ind1="1" ind2="0">
<subfield code="6">245-02/</subfield>
<subfield code="a">&#1054;&#1095;&#1077;&#1088;&#1082;&#1080; &#1101;&#1090;&#1085;&#1086;&#1075;&#1088;&#1072;&#1092;&#1080;&#1080; &#1086;&#1073;&#1097;&#1077;&#1085;&#1080;&#1103; &#1072;&#1076;&#1099;&#1075;&#1086;&#1074; /</subfield>
<subfield code="c">&#1041;. &#1061;. &#1041;&#1083;&#1072;&#1078;&#1085;&#1086;&#1082;&#1086;&#1074;.</subfield>
</datafield>
<datafield tag="880" ind1=" " ind2=" ">
<subfield code="6">260-03/</subfield>
<subfield code="a">&#1053;&#1072;&#1083;&#1100;&#1095;&#1080;&#1082; :</subfield>
<subfield code="b">&#1069;&#1083;&#1100;&#1073;&#1088;&#1091;&#1089;,</subfield>
<subfield code="c">1983.</subfield>
</datafield>
<datafield tag="OWN" ind1=" " ind2=" ">
<subfield code="a">GENERAL</subfield>
</datafield>
<datafield tag="AVA" ind1=" " ind2=" ">
<subfield code="a">NYU50</subfield>
<subfield code="b">NISAW</subfield>
<subfield code="c">Small Collection</subfield>
<subfield code="d">DK511.A28 B53 1983 Non-circulating</subfield>
<subfield code="e">available</subfield>
<subfield code="t">Available</subfield>
<subfield code="f">1</subfield>
<subfield code="g">0</subfield>
<subfield code="h">N</subfield>
<subfield code="i">0</subfield>
<subfield code="j">SMALL</subfield>
<subfield code="k">0</subfield>
</datafield>
</record>