<record xmlns="http://www.loc.gov/MARC21/slim" xmlns:xsi="http://www.w3.org/2001/XMLSchema-instance" xsi:schemaLocation="http://www.loc.gov/MARC21/slim http://www.loc.gov/standards/marcxml/schema/MARC21slim.xsd">
<leader>00000nam a22     Ii 4500</leader>
<controlfield tag="FMT">BK</controlfield>
<controlfield tag="LDR">00000nam a22     Ii 4500</controlfield>
<controlfield tag="001">006216012</controlfield>
<controlfield tag="005">20180621134307.0</controlfield>
<controlfield tag="008">180621s2017    ru a     b    000 0 rus d</controlfield>
<datafield tag="020" ind1=" " ind2=" ">
<subfield code="a">9785918250204</subfield>
</datafield>
<datafield tag="020" ind1=" " ind2=" ">
<subfield code="a">5918250204</subfield>
</datafield>
<datafield tag="035" ind1=" " ind2=" ">
<subfield code="a">(OCoLC)1041189556</subfield>
</datafield>
<datafield tag="040" ind1=" " ind2=" ">
<subfield code="a">ZYU</subfield>
<subfield code="b">eng</subfield>
<subfield code="e">rda</subfield>
<subfield code="c">ZYU</subfield>
</datafield>
<datafield tag="043" ind1=" " ind2=" ">
<subfield code="a">e-ru---</subfield>
</datafield>
<datafield tag="050" ind1=" " ind2="4">
<subfield code="a">DK511.K164</subfield>
<subfield code="b">T46 2017</subfield>
</datafield>
<datafield tag="100" ind1="1" ind2=" ">
<subfield code="6">880-01</subfield>
<subfield code="a">Ten, Viktor,</subfield>
<subfield code="e">author.</subfield>
</datafield>
<datafield tag="245" ind1="1" ind2="0">
<subfield code="6">880-02</subfield>
<subfield code="a">Velikai&#865;a Arzhavskai&#865;a statui&#865;a :</subfield>
<subfield code="b">Megaliticheski&#301; kompleks na Russko&#301; ravnine /</subfield>
<subfield code="c">Viktor Ten.</subfield>
</datafield>
<datafield tag="246" ind1="3" ind2="0">
<subfield code="a">Megaliticheski&#301; kompleks na Russko&#301; ravnine</subfield>
</datafield>
<datafield tag="264" ind1=" " ind2="1">
<subfield code="6">880-03</subfield>
<subfield code="a">Sankt-Peterburg :</subfield>
<subfield code="b">Izdatel&#697;stvo "MERA";</subfield>
<subfield code="c">2017.</subfield>
</datafield>
<datafield tag="300" ind1=" " ind2=" ">
<subfield code="a">188 pages :</subfield>
<subfield code="b">illustrations,</subfield>
<subfield code="c">22 cm</subfield>
</datafield>
<datafield tag="336" ind1=" " ind2=" ">
<subfield code="a">text</subfield>
<subfield code="b">txt</subfield>
<subfield code="2">rdacontent</subfield>
</datafield>
<datafield tag="337" ind1=" " ind2=" ">
<subfield code="a">unmediated</subfield>
<subfield code="b">n</subfield>
<subfield code="2">rdamedia</subfield>
</datafield>
<datafield tag="338" ind1=" " ind2=" ">
<subfield code="a">volume</subfield>
<subfield code="b">nc</subfield>
<subfield code="2">rdacarrier</subfield>
</datafield>
<datafield tag="500" ind1=" " ind2=" ">
<subfield code="6">880-04</subfield>
<subfield code="a">"Nauchno-populi&#865;arnoe izdanie"--Colophon.</subfield>
</datafield>
<datafield tag="504" ind1=" " ind2=" ">
<subfield code="a">Includes bibliographical references.</subfield>
</datafield>
<datafield tag="651" ind1=" " ind2="0">
<subfield code="a">Kaluzhskai&#865;a oblast&#697; (Russia)</subfield>
<subfield code="x">Antiquities.</subfield>
</datafield>
<datafield tag="651" ind1=" " ind2="0">
<subfield code="a">Kaluzhskai&#865;a oblast&#697; (Russia)</subfield>
<subfield code="x">History.</subfield>
</datafield>
<datafield tag="650" ind1=" " ind2="0">
<subfield code="a">Excavations (Archaeology)</subfield>
<subfield code="z">Russia (Federation)</subfield>
<subfield code="z">Kaluzhskai&#865;a oblast&#697;.</subfield>
</datafield>
<datafield tag="880" ind1="1" ind2=" ">
<subfield code="6">100-01/</subfield>
<subfield code="a">&#1058;&#1077;&#1085;, &#1042;&#1080;&#1082;&#1090;&#1086;&#1088;,</subfield>
<subfield code="e">&#1072;uthor.</subfield>
</datafield>
<datafield tag="880" ind1="1" ind2="0">
<subfield code="6">245-02/</subfield>
<subfield code="a">&#1042;&#1077;&#1083;&#1080;&#1082;&#1072;&#1103; &#1040;&#1088;&#1078;&#1072;&#1074;&#1089;&#1082;&#1072;&#1103; &#1089;&#1090;&#1072;&#1090;&#1091;&#1103; :</subfield>
<subfield code="b">&#1052;&#1077;&#1075;&#1072;&#1083;&#1080;&#1090;&#1080;&#1095;&#1077;&#1089;&#1082;&#1080;&#1081; &#1082;&#1086;&#1084;&#1087;&#1083;&#1077;&#1082;&#1089; &#1085;&#1072; &#1056;&#1091;&#1089;&#1089;&#1082;&#1086;&#1081; &#1088;&#1072;&#1074;&#1085;&#1080;&#1085;&#1077; /</subfield>
<subfield code="c">&#1042;&#1080;&#1082;&#1090;&#1086;&#1088; &#1058;&#1077;&#1085;.</subfield>
</datafield>
<datafield tag="880" ind1=" " ind2="1">
<subfield code="6">264-03/</subfield>
<subfield code="a">&#1057;&#1072;&#1085;&#1082;&#1090;-&#1055;&#1077;&#1090;&#1077;&#1088;&#1073;&#1091;&#1088;&#1075; :</subfield>
<subfield code="b">&#1048;&#1079;&#1076;&#1072;&#1090;&#1077;&#1083;&#1100;&#1089;&#1090;&#1074;&#1086; "&#1052;&#1045;&#1056;&#1040;";</subfield>
<subfield code="c">2017.</subfield>
</datafield>
<datafield tag="880" ind1=" " ind2=" ">
<subfield code="6">500-04/</subfield>
<subfield code="a">"&#1053;&#1072;&#1091;&#1095;&#1085;&#1086;-&#1087;&#1086;&#1087;&#1091;&#1083;&#1103;&#1088;&#1085;&#1086;&#1077; &#1080;&#1079;&#1076;&#1072;&#1085;&#1080;&#1077;"--Colophon.</subfield>
</datafield>
<datafield tag="OWN" ind1=" " ind2=" ">
<subfield code="a">GENERAL</subfield>
</datafield>
<datafield tag="AVA" ind1=" " ind2=" ">
<subfield code="a">NYU50</subfield>
<subfield code="b">NISAW</subfield>
<subfield code="c">Small Collection</subfield>
<subfield code="d">DK511.K164 T46 2017 Non-circulating</subfield>
<subfield code="e">available</subfield>
<subfield code="t">Available</subfield>
<subfield code="f">1</subfield>
<subfield code="g">0</subfield>
<subfield code="h">N</subfield>
<subfield code="i">0</subfield>
<subfield code="j">SMALL</subfield>
<subfield code="k">0</subfield>
</datafield>
</record>