<record xmlns="http://www.loc.gov/MARC21/slim" xmlns:xsi="http://www.w3.org/2001/XMLSchema-instance" xsi:schemaLocation="http://www.loc.gov/MARC21/slim http://www.loc.gov/standards/marcxml/schema/MARC21slim.xsd">
<leader>00000cam a2200385Ii 4500</leader>
<controlfield tag="FMT">BK</controlfield>
<controlfield tag="LDR">00000cam a2200385Ii 4500</controlfield>
<controlfield tag="001">006207716</controlfield>
<controlfield tag="003">OCoLC</controlfield>
<controlfield tag="005">20180709142404.0</controlfield>
<controlfield tag="008">180619s1993    ru            100 0 rusod</controlfield>
<datafield tag="035" ind1=" " ind2=" ">
<subfield code="a">(OCoLC)1041110466</subfield>
</datafield>
<datafield tag="040" ind1=" " ind2=" ">
<subfield code="a">ZYU</subfield>
<subfield code="b">eng</subfield>
<subfield code="e">rda</subfield>
<subfield code="c">ZYU</subfield>
<subfield code="d">ZYU</subfield>
</datafield>
<datafield tag="043" ind1=" " ind2=" ">
<subfield code="a">e-ru---</subfield>
</datafield>
<datafield tag="050" ind1=" " ind2="4">
<subfield code="a">DK511.K6</subfield>
<subfield code="b">K83 1993</subfield>
</datafield>
<datafield tag="111" ind1="2" ind2=" ">
<subfield code="6">880-01</subfield>
<subfield code="a">Kubanskai&#865;a arkheologicheskai&#865;a konferent&#865;sii&#865;a</subfield>
<subfield code="n">(2nd :</subfield>
<subfield code="d">1993 :</subfield>
<subfield code="c">Krasnodarski&#301; Kra&#301;, Russia)</subfield>
</datafield>
<datafield tag="245" ind1="1" ind2="0">
<subfield code="6">880-02</subfield>
<subfield code="a">Vtorai&#865;a Kubanskai&#865;a arkheologicheskai&#865;a konferent&#865;sii&#865;a :</subfield>
<subfield code="b">tezisy i doklady /</subfield>
<subfield code="c">[redkollegii&#865;a, O.V. Kulikova, N.I&#865;U. Limberis, I.I. Marchenko (otv. redaktor)].</subfield>
</datafield>
<datafield tag="246" ind1="3" ind2=" ">
<subfield code="a">2. Kubanskai&#865;a arkheologicheskai&#865;a konferent&#865;sii&#865;a</subfield>
</datafield>
<datafield tag="260" ind1=" " ind2=" ">
<subfield code="a">Krasnodar :</subfield>
<subfield code="b">[publisher not identified],</subfield>
<subfield code="c">1993.</subfield>
</datafield>
<datafield tag="300" ind1=" " ind2=" ">
<subfield code="a">106 pages ;</subfield>
<subfield code="c">21 cm</subfield>
</datafield>
<datafield tag="336" ind1=" " ind2=" ">
<subfield code="a">text</subfield>
<subfield code="b">txt</subfield>
<subfield code="2">rdacontent</subfield>
</datafield>
<datafield tag="337" ind1=" " ind2=" ">
<subfield code="a">unmediated</subfield>
<subfield code="b">n</subfield>
<subfield code="2">rdamedia</subfield>
</datafield>
<datafield tag="338" ind1=" " ind2=" ">
<subfield code="a">volume</subfield>
<subfield code="b">nc</subfield>
<subfield code="2">rdacarrier</subfield>
</datafield>
<datafield tag="500" ind1=" " ind2=" ">
<subfield code="a">ISAW copy is from the library of Aleksandr Leskov.</subfield>
<subfield code="5">NyNyUAW</subfield>
</datafield>
<datafield tag="500" ind1=" " ind2=" ">
<subfield code="6">880-03</subfield>
<subfield code="a">At head of title: Spet&#865;sial&#697;no uponlomochenny&#301; komitet po okhrane, restavrat&#865;sii i &#279;kspluatat&#865;sii istoriko-kul&#697;turnykh t&#865;sennoste&#301; (nasledii&#865;a) Krasnodarskogo krai&#865;a [and two others].</subfield>
</datafield>
<datafield tag="651" ind1=" " ind2="0">
<subfield code="a">Kuban River Valley (Georgia and Russia)</subfield>
<subfield code="x">Antiquities</subfield>
<subfield code="v">Congresses.</subfield>
</datafield>
<datafield tag="650" ind1=" " ind2="0">
<subfield code="a">Excavations (Archaeology)</subfield>
<subfield code="z">Kuban River Valley (Georgia and Russia)</subfield>
<subfield code="v">Congresses.</subfield>
</datafield>
<datafield tag="651" ind1=" " ind2="0">
<subfield code="a">Kuban&#697; (Russia : Region)</subfield>
<subfield code="x">Antiquities</subfield>
<subfield code="v">Congresses.</subfield>
</datafield>
<datafield tag="650" ind1=" " ind2="0">
<subfield code="a">Excavations (Archaeology)</subfield>
<subfield code="z">Russia (Federation)</subfield>
<subfield code="z">Kuban&#697; (Region)</subfield>
<subfield code="v">Congresses.</subfield>
</datafield>
<datafield tag="651" ind1=" " ind2="0">
<subfield code="a">Krasnodarski&#301; kra&#301; (Russia)</subfield>
<subfield code="x">Antiquities</subfield>
<subfield code="v">Congresses.</subfield>
</datafield>
<datafield tag="650" ind1=" " ind2="0">
<subfield code="a">Excavations (Archaeology)</subfield>
<subfield code="z">Russia (Federation)</subfield>
<subfield code="z">Krasnodarski&#301; kra&#301;</subfield>
<subfield code="v">Congresses.</subfield>
</datafield>
<datafield tag="651" ind1=" " ind2="7">
<subfield code="a">Antikeites (river)</subfield>
<subfield code="2">pleiades</subfield>
<subfield code="0">https://pleiades.stoa.org/places/854665</subfield>
</datafield>
<datafield tag="700" ind1="1" ind2=" ">
<subfield code="a">Leskov, Aleksandr Mikha&#301;lovich,</subfield>
<subfield code="e">former owner.</subfield>
<subfield code="5">NyNyUAW</subfield>
</datafield>
<datafield tag="740" ind1="0" ind2=" ">
<subfield code="a">Leskov Collection.</subfield>
<subfield code="5">NyNyUAW</subfield>
</datafield>
<datafield tag="700" ind1="1" ind2=" ">
<subfield code="6">880-04</subfield>
<subfield code="a">Marchenko, I. I.,</subfield>
<subfield code="e">editor.</subfield>
</datafield>
<datafield tag="880" ind1="2" ind2=" ">
<subfield code="6">111-01/</subfield>
<subfield code="a">&#1050;&#1091;&#1073;&#1072;&#1085;&#1089;&#1082;&#1072;&#1103; &#1072;&#1088;&#1093;&#1077;&#1086;&#1083;&#1086;&#1075;&#1080;&#1095;&#1077;&#1089;&#1082;&#1072;&#1103; &#1082;&#1086;&#1085;&#1092;&#1077;&#1088;&#1077;&#1085;&#1094;&#1080;&#1103;</subfield>
<subfield code="n">(2nd :</subfield>
<subfield code="d">1993 :</subfield>
<subfield code="c">&#1050;&#1088;&#1072;&#1089;&#1085;&#1086;&#1076;&#1072;&#1088;&#1089;&#1082;&#1080;&#1081; &#1050;&#1088;&#1072;&#1081;, &#1056;o&#1089;&#1089;&#1080;&#1103;)</subfield>
</datafield>
<datafield tag="880" ind1="1" ind2="0">
<subfield code="6">245-02/</subfield>
<subfield code="a">&#1042;&#1090;&#1086;&#1088;&#1072;&#1103; &#1050;&#1091;&#1073;&#1072;&#1085;&#1089;&#1082;&#1072;&#1103; &#1072;&#1088;&#1093;&#1077;&#1086;&#1083;&#1086;&#1075;&#1080;&#1095;&#1077;&#1089;&#1082;&#1072;&#1103; &#1082;&#1086;&#1085;&#1092;&#1077;&#1088;&#1077;&#1085;&#1094;&#1080;&#1103; :</subfield>
<subfield code="b">&#1090;&#1077;&#1079;&#1080;&#1089;&#1099; &#1080; &#1076;&#1086;&#1082;&#1083;&#1072;&#1076;&#1099; /</subfield>
<subfield code="c">[&#1088;&#1077;&#1076;&#1082;&#1086;&#1083;&#1083;&#1077;&#1075;&#1080;&#1103;, &#1054;.&#1042;. &#1050;&#1091;&#1083;&#1080;&#1082;&#1086;&#1074;&#1072;, &#1053;.&#1070;. &#1051;&#1080;&#1084;&#1073;&#1077;&#1088;&#1080;&#1089;, &#1048;.&#1048;. &#1052;&#1072;&#1088;&#1095;&#1077;&#1085;&#1082;&#1086; (&#1086;&#1090;&#1074;. &#1088;&#1077;&#1076;&#1072;&#1082;&#1090;&#1086;&#1088;)].</subfield>
</datafield>
<datafield tag="880" ind1=" " ind2=" ">
<subfield code="6">500-03/</subfield>
<subfield code="a">&#1040;t head of title: &#1057;&#1087;&#1077;&#1094;&#1080;&#1072;&#1083;&#1100;&#1085;&#1086; &#1091;&#1087;&#1086;&#1083;&#1085;&#1086;&#1084;&#1086;&#1095;&#1077;&#1085;&#1085;&#1099;&#1081; &#1082;&#1086;&#1084;&#1080;&#1090;&#1077;&#1090; &#1087;&#1086; &#1086;&#1093;&#1088;&#1072;&#1085;&#1077;, &#1088;&#1077;&#1089;&#1090;&#1072;&#1074;&#1088;&#1072;&#1094;&#1080;&#1080; &#1080; &#1101;&#1082;&#1089;&#1087;&#1083;&#1091;&#1072;&#1090;&#1072;&#1094;&#1080;&#1080; &#1080;&#1089;&#1090;&#1086;&#1088;&#1080;&#1082;&#1086;-&#1082;&#1091;&#1083;&#1100;&#1090;&#1091;&#1088;&#1085;&#1099;&#1093; &#1094;&#1077;&#1085;&#1085;&#1086;&#1089;&#1090;&#1077;&#1081; (&#1085;&#1072;&#1089;&#1083;&#1077;&#1076;&#1080;&#1103;) &#1050;&#1088;&#1072;&#1089;&#1085;&#1086;&#1076;&#1072;&#1088;&#1089;&#1082;&#1086;&#1075;&#1086; &#1082;&#1088;&#1072;&#1103; [&#1072;nd two others].</subfield>
</datafield>
<datafield tag="880" ind1="1" ind2=" ">
<subfield code="6">700-04/</subfield>
<subfield code="a">&#1052;&#1072;&#1088;&#1095;&#1077;&#1085;&#1082;&#1086;, &#1048;. &#1048;.,</subfield>
<subfield code="e">&#1077;ditor.</subfield>
</datafield>
<datafield tag="OWN" ind1=" " ind2=" ">
<subfield code="a">GENERAL</subfield>
</datafield>
<datafield tag="AVA" ind1=" " ind2=" ">
<subfield code="a">NYU50</subfield>
<subfield code="b">NISAW</subfield>
<subfield code="c">Small Collection</subfield>
<subfield code="d">DK511.K6 K83 1993 Non-circulating</subfield>
<subfield code="e">unavailable</subfield>
<subfield code="t">Unavailable</subfield>
<subfield code="f">1</subfield>
<subfield code="g">1</subfield>
<subfield code="h">N</subfield>
<subfield code="i">0</subfield>
<subfield code="j">SMALL</subfield>
<subfield code="k">0</subfield>
</datafield>
</record>