<record xmlns="http://www.loc.gov/MARC21/slim" xmlns:xsi="http://www.w3.org/2001/XMLSchema-instance" xsi:schemaLocation="http://www.loc.gov/MARC21/slim http://www.loc.gov/standards/marcxml/schema/MARC21slim.xsd">
<leader>00000cam a22      i 4500</leader>
<controlfield tag="FMT">BK</controlfield>
<controlfield tag="LDR">00000cam a22      i 4500</controlfield>
<controlfield tag="001">006206119</controlfield>
<controlfield tag="005">20180612095246.0</controlfield>
<controlfield tag="008">180612s2014    ru a     b    000 0 ruso</controlfield>
<datafield tag="010" ind1=" " ind2=" ">
<subfield code="a">  2014488312</subfield>
</datafield>
<datafield tag="020" ind1=" " ind2=" ">
<subfield code="a">9785927406067</subfield>
</datafield>
<datafield tag="020" ind1=" " ind2=" ">
<subfield code="a">5927406068</subfield>
</datafield>
<datafield tag="035" ind1=" " ind2=" ">
<subfield code="a">(OCoLC)900194422</subfield>
</datafield>
<datafield tag="040" ind1=" " ind2=" ">
<subfield code="a">DLC</subfield>
<subfield code="b">eng</subfield>
<subfield code="e">rda</subfield>
<subfield code="c">DLC</subfield>
<subfield code="d">OCLCO</subfield>
<subfield code="d">OCLCF</subfield>
</datafield>
<datafield tag="042" ind1=" " ind2=" ">
<subfield code="a">pcc</subfield>
</datafield>
<datafield tag="043" ind1=" " ind2=" ">
<subfield code="a">e-ru---</subfield>
</datafield>
<datafield tag="050" ind1="0" ind2="0">
<subfield code="a">DK511.L13</subfield>
<subfield code="b">K65 2014</subfield>
</datafield>
<datafield tag="100" ind1="1" ind2=" ">
<subfield code="a">Kochkurkina, Svetlana Ivanovna,</subfield>
<subfield code="e">author.</subfield>
</datafield>
<datafield tag="245" ind1="1" ind2="0">
<subfield code="6">880-01</subfield>
<subfield code="a">Priladozhskai&#865;a kurgannai&#865;a kul&#697;tura :</subfield>
<subfield code="b">tekhnologicheskoe issledovanie tekstili&#865;a /</subfield>
<subfield code="c">S.I. Kochkurkina, O.V. Orfinskai&#865;a.</subfield>
</datafield>
<datafield tag="264" ind1=" " ind2="1">
<subfield code="6">880-02</subfield>
<subfield code="a">Petrozavodsk :</subfield>
<subfield code="b">Karel&#697;ski&#301; nauchny&#301; t&#865;sentr Rossi&#301;sko&#301; akademii nauk, Institut i&#865;azyka, literatury i istorii,</subfield>
<subfield code="c">2014.</subfield>
</datafield>
<datafield tag="300" ind1=" " ind2=" ">
<subfield code="a">138 pages :</subfield>
<subfield code="b">some color illustrations ;</subfield>
<subfield code="c">20 cm</subfield>
</datafield>
<datafield tag="336" ind1=" " ind2=" ">
<subfield code="a">text</subfield>
<subfield code="b">txt</subfield>
<subfield code="2">rdacontent</subfield>
</datafield>
<datafield tag="337" ind1=" " ind2=" ">
<subfield code="a">unmediated</subfield>
<subfield code="b">n</subfield>
<subfield code="2">rdamedia</subfield>
</datafield>
<datafield tag="338" ind1=" " ind2=" ">
<subfield code="a">volume</subfield>
<subfield code="b">nc</subfield>
<subfield code="2">rdacarrier</subfield>
</datafield>
<datafield tag="504" ind1=" " ind2=" ">
<subfield code="a">Includes bibliographical references (pages 66-67).</subfield>
</datafield>
<datafield tag="651" ind1=" " ind2="0">
<subfield code="a">Ladoga Lake Region (Russia)</subfield>
<subfield code="x">Antiquities.</subfield>
</datafield>
<datafield tag="650" ind1=" " ind2="0">
<subfield code="a">Textile fabrics, Medieval</subfield>
<subfield code="z">Russia (Federation)</subfield>
<subfield code="z">Karelia.</subfield>
</datafield>
<datafield tag="650" ind1=" " ind2="0">
<subfield code="a">Mounds</subfield>
<subfield code="z">Russia (Federation)</subfield>
<subfield code="z">Karelia.</subfield>
</datafield>
<datafield tag="650" ind1=" " ind2="0">
<subfield code="a">Grave goods</subfield>
<subfield code="z">Russia (Federation)</subfield>
<subfield code="z">Karelia.</subfield>
</datafield>
<datafield tag="650" ind1=" " ind2="0">
<subfield code="a">Archaeology, Medieval</subfield>
<subfield code="z">Russia (Federation)</subfield>
<subfield code="z">Karelia.</subfield>
</datafield>
<datafield tag="700" ind1="1" ind2=" ">
<subfield code="a">Orfinskai&#865;a, O. V.</subfield>
</datafield>
<datafield tag="710" ind1="2" ind2=" ">
<subfield code="6">880-03</subfield>
<subfield code="a">Institut i&#865;azyka, literatury i istorii (Rossi&#301;skai&#865;a akademii&#865;a nauk. Karel&#697;ski&#301; nauchny&#301; t&#865;sentr)</subfield>
</datafield>
<datafield tag="880" ind1="1" ind2="0">
<subfield code="6">245-01/</subfield>
<subfield code="a">&#1055;&#1088;&#1080;&#1083;&#1072;&#1076;&#1086;&#1078;&#1089;&#1082;&#1072;&#1103; &#1082;&#1091;&#1088;&#1075;&#1072;&#1085;&#1085;&#1072;&#1103; &#1082;&#1091;&#1083;&#1100;&#1090;&#1091;&#1088;&#1072; :</subfield>
<subfield code="b">&#1090;&#1077;&#1093;&#1085;&#1086;&#1083;&#1086;&#1075;&#1080;&#1095;&#1077;&#1089;&#1082;&#1086;&#1077; &#1080;&#1089;&#1089;&#1083;&#1077;&#1076;&#1086;&#1074;&#1072;&#1085;&#1080;&#1077; &#1090;&#1077;&#1082;&#1089;&#1090;&#1080;&#1083;&#1103; /</subfield>
<subfield code="c">&#1057;.&#1048;. &#1050;&#1086;&#1095;&#1082;&#1091;&#1088;&#1082;&#1080;&#1085;&#1072;, &#1054;.&#1042;. &#1054;&#1088;&#1092;&#1080;&#1085;&#1089;&#1082;&#1072;&#1103;.</subfield>
</datafield>
<datafield tag="880" ind1=" " ind2="1">
<subfield code="6">264-02/</subfield>
<subfield code="a">&#1055;&#1077;&#1090;&#1088;&#1086;&#1079;&#1072;&#1074;&#1086;&#1076;&#1089;&#1082; :</subfield>
<subfield code="b">&#1050;&#1072;&#1088;&#1077;&#1083;&#1100;&#1089;&#1082;&#1080;&#1081; &#1085;&#1072;&#1091;&#1095;&#1085;&#1099;&#1081; &#1094;&#1077;&#1085;&#1090;&#1088; &#1056;&#1086;&#1089;&#1089;&#1080;&#1081;&#1089;&#1082;&#1086;&#1081; &#1072;&#1082;&#1072;&#1076;&#1077;&#1084;&#1080;&#1080; &#1085;&#1072;&#1091;&#1082;, &#1048;&#1085;&#1089;&#1090;&#1080;&#1090;&#1091;&#1090; &#1103;&#1079;&#1099;&#1082;&#1072;, &#1083;&#1080;&#1090;&#1077;&#1088;&#1072;&#1090;&#1091;&#1088;&#1099; &#1080; &#1080;&#1089;&#1090;&#1086;&#1088;&#1080;&#1080;,</subfield>
<subfield code="c">2014.</subfield>
</datafield>
<datafield tag="880" ind1="2" ind2=" ">
<subfield code="6">710-03/</subfield>
<subfield code="a">&#1048;&#1085;&#1089;&#1090;&#1080;&#1090;&#1091;&#1090; &#1103;&#1079;&#1099;&#1082;&#1072;, &#1083;&#1080;&#1090;&#1077;&#1088;&#1072;&#1090;&#1091;&#1088;&#1099; &#1080; &#1080;&#1089;&#1090;&#1086;&#1088;&#1080;&#1080; (Rossi&#301;skai&#865;a akademii&#865;a nauk. Karel&#697;ski&#301; nauchny&#301; t&#865;sentr)</subfield>
</datafield>
<datafield tag="OWN" ind1=" " ind2=" ">
<subfield code="a">GENERAL</subfield>
</datafield>
<datafield tag="AVA" ind1=" " ind2=" ">
<subfield code="a">NYU50</subfield>
<subfield code="b">NISAW</subfield>
<subfield code="c">Small Collection</subfield>
<subfield code="d">DK511.L13 K65 2014 Non-circulating</subfield>
<subfield code="e">unavailable</subfield>
<subfield code="t">Unavailable</subfield>
<subfield code="f">1</subfield>
<subfield code="g">1</subfield>
<subfield code="h">N</subfield>
<subfield code="i">0</subfield>
<subfield code="j">SMALL</subfield>
<subfield code="k">0</subfield>
</datafield>
</record>