<record xmlns="http://www.loc.gov/MARC21/slim" xmlns:xsi="http://www.w3.org/2001/XMLSchema-instance" xsi:schemaLocation="http://www.loc.gov/MARC21/slim http://www.loc.gov/standards/marcxml/schema/MARC21slim.xsd">
<leader>00000cam a2200397Ii 4500</leader>
<controlfield tag="FMT">BK</controlfield>
<controlfield tag="LDR">00000cam a2200397Ii 4500</controlfield>
<controlfield tag="001">006205785</controlfield>
<controlfield tag="003">OCoLC</controlfield>
<controlfield tag="005">20180709132150.0</controlfield>
<controlfield tag="008">950628s1947    ru ab         000 0 rus d</controlfield>
<datafield tag="035" ind1=" " ind2=" ">
<subfield code="a">(OCoLC)82638626</subfield>
</datafield>
<datafield tag="040" ind1=" " ind2=" ">
<subfield code="a">UBY</subfield>
<subfield code="b">eng</subfield>
<subfield code="c">UBY</subfield>
<subfield code="d">OCLCO</subfield>
<subfield code="d">OCLCQ</subfield>
<subfield code="d">OCLCF</subfield>
<subfield code="d">ZYU</subfield>
<subfield code="d">OCLCA</subfield>
<subfield code="d">ZYU</subfield>
</datafield>
<datafield tag="041" ind1=" " ind2=" ">
<subfield code="a">rus</subfield>
<subfield code="b">oss</subfield>
</datafield>
<datafield tag="043" ind1=" " ind2=" ">
<subfield code="a">a-gs---</subfield>
<subfield code="a">e-ru---</subfield>
</datafield>
<datafield tag="050" ind1=" " ind2="4">
<subfield code="a">DK511.O8</subfield>
<subfield code="b">S75 1947</subfield>
</datafield>
<datafield tag="100" ind1="1" ind2=" ">
<subfield code="6">880-01</subfield>
<subfield code="a">Skitski&#301;, B. V.,</subfield>
<subfield code="e">author.</subfield>
</datafield>
<datafield tag="245" ind1="1" ind2="0">
<subfield code="6">880-02</subfield>
<subfield code="a">Ocherki po istorii osetinskogo naroda s drevneishikh vremen do 1867 goda /</subfield>
<subfield code="c">B. Skitski&#301;.</subfield>
</datafield>
<datafield tag="260" ind1=" " ind2=" ">
<subfield code="6">880-03</subfield>
<subfield code="a">[Dzaudzikau] :</subfield>
<subfield code="b">[Severo-osetinskoe Gos. Izd-vo.],</subfield>
<subfield code="c">[1947]</subfield>
</datafield>
<datafield tag="300" ind1=" " ind2=" ">
<subfield code="a">196 pages :</subfield>
<subfield code="b">illustrations, folded maps ;</subfield>
<subfield code="c">25 cm.</subfield>
</datafield>
<datafield tag="336" ind1=" " ind2=" ">
<subfield code="a">text</subfield>
<subfield code="b">txt</subfield>
<subfield code="2">rdacontent</subfield>
</datafield>
<datafield tag="337" ind1=" " ind2=" ">
<subfield code="a">unmediated</subfield>
<subfield code="b">n</subfield>
<subfield code="2">rdamedia</subfield>
</datafield>
<datafield tag="338" ind1=" " ind2=" ">
<subfield code="a">volume</subfield>
<subfield code="b">nc</subfield>
<subfield code="2">rdacarrier</subfield>
</datafield>
<datafield tag="490" ind1="1" ind2=" ">
<subfield code="a">Izvestiia severoosetinskogo nauchno-issledovatel&#697;skogo instituta ;</subfield>
<subfield code="v">T. 9</subfield>
</datafield>
<datafield tag="500" ind1=" " ind2=" ">
<subfield code="a">ISAW copy is from the library of Aleksandr Leskov.</subfield>
<subfield code="5">NyNyUAW</subfield>
</datafield>
<datafield tag="500" ind1=" " ind2=" ">
<subfield code="6">880-04</subfield>
<subfield code="a">At head of ser. t.p.: Severo-osetinskii nauchno-issledovatel&#697;skii institut pri Sovete ministrov so ASSR.</subfield>
</datafield>
<datafield tag="500" ind1=" " ind2=" ">
<subfield code="a">In Cyrillic characters; ser. t.p. also in Ossetic.</subfield>
</datafield>
<datafield tag="650" ind1=" " ind2="0">
<subfield code="a">Ossetes</subfield>
<subfield code="x">History.</subfield>
</datafield>
<datafield tag="651" ind1=" " ind2="0">
<subfield code="a">North Ossetia (Russia)</subfield>
<subfield code="x">History.</subfield>
</datafield>
<datafield tag="651" ind1=" " ind2="0">
<subfield code="a">South Ossetia (Georgia)</subfield>
<subfield code="x">History.</subfield>
</datafield>
<datafield tag="700" ind1="1" ind2=" ">
<subfield code="a">Leskov, Aleksandr Mikha&#301;lovich,</subfield>
<subfield code="e">former owner.</subfield>
<subfield code="5">NyNyUAW</subfield>
</datafield>
<datafield tag="740" ind1="0" ind2=" ">
<subfield code="a">Leskov Collection.</subfield>
<subfield code="5">NyNyUAW</subfield>
</datafield>
<datafield tag="710" ind1="2" ind2=" ">
<subfield code="6">880-05</subfield>
<subfield code="a">Severo-Osetinski&#301; nauchno-issledovatel&#697;ski&#301; institut istorii, filologii i &#279;konomiki,</subfield>
<subfield code="e">issuing body.</subfield>
</datafield>
<datafield tag="880" ind1="1" ind2=" ">
<subfield code="6">100-01/</subfield>
<subfield code="a">&#1057;&#1082;&#1080;&#1090;&#1089;&#1082;&#1080;&#1081;, &#1041;. &#1042;.,</subfield>
<subfield code="e">&#1072;uthor.</subfield>
</datafield>
<datafield tag="880" ind1="1" ind2="0">
<subfield code="6">245-02/</subfield>
<subfield code="a">&#1054;&#1095;&#1077;&#1088;&#1082;&#1080; &#1087;&#1086; &#1080;&#1089;&#1090;&#1086;&#1088;&#1080;&#1080; &#1086;&#1089;&#1077;&#1090;&#1080;&#1085;&#1089;&#1082;&#1086;&#1075;&#1086; &#1085;&#1072;&#1088;&#1086;&#1076;&#1072; &#1089; &#1076;&#1088;&#1077;&#1074;&#1085;&#1077;&#1080;&#1096;&#1080;&#1093; &#1074;&#1088;&#1077;&#1084;&#1077;&#1085; &#1076;&#1086; 1867 &#1075;&#1086;&#1076;&#1072; /</subfield>
<subfield code="c">&#1041;. &#1057;&#1082;&#1080;&#1090;&#1089;&#1082;&#1080;&#1081;.</subfield>
</datafield>
<datafield tag="880" ind1=" " ind2=" ">
<subfield code="6">260-03/</subfield>
<subfield code="a">[&#1044;&#1079;&#1072;&#1091;&#1076;&#1079;&#1080;&#1082;&#1072;&#1091;] :</subfield>
<subfield code="b">[&#1057;&#1077;&#1074;&#1077;&#1088;&#1086;-&#1086;&#1089;&#1077;&#1090;&#1080;&#1085;&#1089;&#1082;&#1086;&#1077; &#1043;&#1086;&#1089;. &#1048;&#1079;&#1076;-&#1074;&#1086;.],</subfield>
<subfield code="c">[1947]</subfield>
</datafield>
<datafield tag="880" ind1=" " ind2=" ">
<subfield code="6">500-04/</subfield>
<subfield code="a">&#1040;&#1090; head of ser. t.p.: &#1057;&#1077;&#1074;&#1077;&#1088;&#1086;-&#1086;&#1089;&#1077;&#1090;&#1080;&#1085;&#1089;&#1082;&#1080;&#1080; &#1085;&#1072;&#1091;&#1095;&#1085;&#1086;-&#1080;&#1089;&#1089;&#1083;&#1077;&#1076;&#1086;&#1074;&#1072;&#1090;&#1077;&#1083;&#1100;&#1089;&#1082;&#1080;&#1080; &#1080;&#1085;&#1089;&#1090;&#1080;&#1090;&#1091;&#1090; &#1087;&#1088;&#1080; &#1057;&#1086;&#1074;&#1077;&#1090;&#1077; &#1084;&#1080;&#1085;&#1080;&#1089;&#1090;&#1088;&#1086;&#1074; &#1089;&#1086; &#1040;&#1057;&#1057;&#1056;.</subfield>
</datafield>
<datafield tag="880" ind1="2" ind2=" ">
<subfield code="6">710-05/</subfield>
<subfield code="a">&#1057;&#1077;&#1074;&#1077;&#1088;&#1086;-&#1054;&#1089;&#1077;&#1090;&#1080;&#1085;&#1089;&#1082;&#1080;&#1081; &#1085;&#1072;&#1091;&#1095;&#1085;&#1086;-&#1080;&#1089;&#1089;&#1083;&#1077;&#1076;&#1086;&#1074;&#1072;&#1090;&#1077;&#1083;&#1100;&#1089;&#1082;&#1080;&#1081; &#1080;&#1085;&#1089;&#1090;&#1080;&#1090;&#1091;&#1090; &#1080;&#1089;&#1090;&#1086;&#1088;&#1080;&#1080;, &#1092;&#1080;&#1083;&#1086;&#1083;&#1086;&#1075;&#1080;&#1080; &#1080; &#1101;&#1082;&#1086;&#1085;&#1086;&#1084;&#1080;&#1082;&#1080;,</subfield>
<subfield code="e">issuing body.</subfield>
</datafield>
<datafield tag="830" ind1=" " ind2="0">
<subfield code="a">Izvestii&#865; severo-osetinskogo nauchno-issledovatel&#697;skogo instituta ;</subfield>
<subfield code="v">T. 9.</subfield>
</datafield>
<datafield tag="OWN" ind1=" " ind2=" ">
<subfield code="a">GENERAL</subfield>
</datafield>
<datafield tag="AVA" ind1=" " ind2=" ">
<subfield code="a">NYU50</subfield>
<subfield code="b">NISAW</subfield>
<subfield code="c">Small Collection</subfield>
<subfield code="d">DK511.O8 S75 1947 Non-circulating</subfield>
<subfield code="e">available</subfield>
<subfield code="t">Available</subfield>
<subfield code="f">1</subfield>
<subfield code="g">0</subfield>
<subfield code="h">N</subfield>
<subfield code="i">0</subfield>
<subfield code="j">SMALL</subfield>
<subfield code="k">0</subfield>
</datafield>
</record>