<record xmlns="http://www.loc.gov/MARC21/slim" xmlns:xsi="http://www.w3.org/2001/XMLSchema-instance" xsi:schemaLocation="http://www.loc.gov/MARC21/slim http://www.loc.gov/standards/marcxml/schema/MARC21slim.xsd">
<leader>00000cam a22      i 4500</leader>
<controlfield tag="FMT">BK</controlfield>
<controlfield tag="LDR">00000cam a22      i 4500</controlfield>
<controlfield tag="001">006207453</controlfield>
<controlfield tag="005">20180615102813.0</controlfield>
<controlfield tag="008">180615s2016    ru a     b    000 0 rus c</controlfield>
<datafield tag="020" ind1=" " ind2=" ">
<subfield code="a">9785780302636</subfield>
<subfield code="q">(set)</subfield>
</datafield>
<datafield tag="020" ind1=" " ind2=" ">
<subfield code="a">5780302634</subfield>
<subfield code="q">(set)</subfield>
</datafield>
<datafield tag="020" ind1=" " ind2=" ">
<subfield code="a">9785780302575</subfield>
<subfield code="q">(v. 1)</subfield>
</datafield>
<datafield tag="020" ind1=" " ind2=" ">
<subfield code="a">578030257X</subfield>
<subfield code="q">(v. 1)</subfield>
</datafield>
<datafield tag="020" ind1=" " ind2=" ">
<subfield code="a">9785780302582</subfield>
<subfield code="q">(v. 2)</subfield>
</datafield>
<datafield tag="020" ind1=" " ind2=" ">
<subfield code="a">5780302588</subfield>
<subfield code="q">(v. 2)</subfield>
</datafield>
<datafield tag="020" ind1=" " ind2=" ">
<subfield code="a">9785780302599</subfield>
<subfield code="q">(v. 3)</subfield>
</datafield>
<datafield tag="020" ind1=" " ind2=" ">
<subfield code="a">5780302596</subfield>
<subfield code="q">(v. 3)</subfield>
</datafield>
<datafield tag="035" ind1=" " ind2=" ">
<subfield code="a">(OCoLC)1002878058</subfield>
</datafield>
<datafield tag="040" ind1=" " ind2=" ">
<subfield code="a">PAU</subfield>
<subfield code="b">eng</subfield>
<subfield code="e">rda</subfield>
<subfield code="c">PAU</subfield>
<subfield code="d">IUL</subfield>
<subfield code="d">OCLCF</subfield>
<subfield code="d">OCLCA</subfield>
</datafield>
<datafield tag="041" ind1="0" ind2=" ">
<subfield code="a">rus</subfield>
<subfield code="b">eng</subfield>
</datafield>
<datafield tag="042" ind1=" " ind2=" ">
<subfield code="a">pcc</subfield>
</datafield>
<datafield tag="043" ind1=" " ind2=" ">
<subfield code="a">e-ru---</subfield>
</datafield>
<datafield tag="050" ind1=" " ind2="4">
<subfield code="a">DK771.A25</subfield>
<subfield code="b">B676 2016</subfield>
</datafield>
<datafield tag="100" ind1="1" ind2=" ">
<subfield code="6">880-01</subfield>
<subfield code="a">Borodovski&#301;, A. P.</subfield>
<subfield code="q">(Andre&#301; Pavlovich),</subfield>
<subfield code="e">author.</subfield>
</datafield>
<datafield tag="245" ind1="1" ind2="0">
<subfield code="6">880-02</subfield>
<subfield code="a">Arkheologicheskoe nasledie Respubliki Altai po trasse proektiruemogo gazoprovoda "Sila Sibiri-2" ("Altai") :</subfield>
<subfield code="b">po materialam issledovani&#301; 2011-2012 godov = Archaeological heritage of the Altai Republic along the route of the projected gas pipeline "Power of Siberia-2" ("Altai") : based on the research materials of 2011-2012 /</subfield>
<subfield code="c">A.P. Borodovski&#301;. S.V. Gorokhov, G.B. Kubarev, E.S. Bogdanov ; otvetstvennye redaktory akademik RAN A.P. Deveri&#865;anko, akademik RAN V.I. Molodin.</subfield>
</datafield>
<datafield tag="246" ind1="3" ind2="1">
<subfield code="a">Archaeological heritage of the Altai Republic along the route of the projected gas pipeline "Power of Siberia-2" ("Altai")</subfield>
</datafield>
<datafield tag="264" ind1=" " ind2="1">
<subfield code="6">880-03</subfield>
<subfield code="a">Novosibirsk :</subfield>
<subfield code="b">Izdatel&#697;stvo IA&#278;T SO RAN,</subfield>
<subfield code="c">2016.</subfield>
</datafield>
<datafield tag="300" ind1=" " ind2=" ">
<subfield code="a">3 volumes :</subfield>
<subfield code="b">illustrations ;</subfield>
<subfield code="c">29 cm</subfield>
</datafield>
<datafield tag="336" ind1=" " ind2=" ">
<subfield code="a">text</subfield>
<subfield code="b">txt</subfield>
<subfield code="2">rdacontent</subfield>
</datafield>
<datafield tag="337" ind1=" " ind2=" ">
<subfield code="a">unmediated</subfield>
<subfield code="b">n</subfield>
<subfield code="2">rdamedia</subfield>
</datafield>
<datafield tag="338" ind1=" " ind2=" ">
<subfield code="a">volume</subfield>
<subfield code="b">nc</subfield>
<subfield code="2">rdacarrier</subfield>
</datafield>
<datafield tag="546" ind1=" " ind2=" ">
<subfield code="a">Summary in English.</subfield>
</datafield>
<datafield tag="500" ind1=" " ind2=" ">
<subfield code="6">880-04</subfield>
<subfield code="a">At head of title: Federal&#697;noe agentstvo nauchnykh organizat&#865;si&#301;. Institut Arkheologii i &#279;tnografii Sibirskogo otdelenii&#65056;al Rossi&#301;sko&#301; akademii nauk.</subfield>
</datafield>
<datafield tag="504" ind1=" " ind2=" ">
<subfield code="a">Includes bibliographical references.</subfield>
</datafield>
<datafield tag="505" ind1="0" ind2="0">
<subfield code="6">880-05</subfield>
<subfield code="g">T. 1.</subfield>
<subfield code="t">Opisanii&#865;a --</subfield>
<subfield code="g">t. 2.</subfield>
<subfield code="t">Al&#697;bom illi&#865;ustrat&#865;sii --</subfield>
<subfield code="g">t. 3.</subfield>
<subfield code="t">Al&#697;bom illi&#865;ustrat&#865;sii.</subfield>
</datafield>
<datafield tag="651" ind1=" " ind2="0">
<subfield code="a">Alta&#301; (Russia : Republic)</subfield>
<subfield code="x">Antiquities.</subfield>
</datafield>
<datafield tag="650" ind1=" " ind2="0">
<subfield code="a">Excavations (Archaeology)</subfield>
<subfield code="z">Russia (Federation)</subfield>
<subfield code="z">Alta&#301; (Republic)</subfield>
</datafield>
<datafield tag="700" ind1="1" ind2=" ">
<subfield code="6">880-06</subfield>
<subfield code="a">Gorokhov, S. V.</subfield>
<subfield code="q">(Serge&#301; Valer&#697;evich),</subfield>
<subfield code="e">author.</subfield>
</datafield>
<datafield tag="700" ind1="1" ind2=" ">
<subfield code="6">880-07</subfield>
<subfield code="a">Kubarev, G. V.</subfield>
<subfield code="q">(Gleb Vladimirovich),</subfield>
<subfield code="e">author.</subfield>
</datafield>
<datafield tag="700" ind1="1" ind2=" ">
<subfield code="6">880-08</subfield>
<subfield code="a">Bogdanov, E. S.</subfield>
<subfield code="q">(Evgeni&#301; Sergeevich),</subfield>
<subfield code="e">author.</subfield>
</datafield>
<datafield tag="700" ind1="1" ind2=" ">
<subfield code="6">880-09</subfield>
<subfield code="a">Derevi&#865;anko, A. P.</subfield>
<subfield code="q">(Anatoli&#301; Panteleevich),</subfield>
<subfield code="e">editor.</subfield>
</datafield>
<datafield tag="700" ind1="1" ind2=" ">
<subfield code="6">880-10</subfield>
<subfield code="a">Molodin, V. I.</subfield>
<subfield code="q">(Vi&#865;acheslav Ivanovich),</subfield>
<subfield code="d">1948-</subfield>
<subfield code="e">editor.</subfield>
</datafield>
<datafield tag="710" ind1="2" ind2=" ">
<subfield code="6">880-11</subfield>
<subfield code="a">Institut arkheologii i &#279;tnografii (Rossi&#301;skai&#865;a akademii&#865;a nauk. Sibirskoe otdelenie),</subfield>
<subfield code="e">issuing body.</subfield>
</datafield>
<datafield tag="880" ind1="1" ind2=" ">
<subfield code="6">100-01/</subfield>
<subfield code="a">&#1041;&#1086;&#1088;&#1086;&#1076;&#1086;&#1074;&#1089;&#1082;&#1080;&#1081;, &#1040;. &#1055;.</subfield>
<subfield code="q">(&#1040;&#1085;&#1076;&#1088;&#1077;&#1081; &#1055;&#1072;&#1074;&#1083;&#1086;&#1074;&#1080;&#1095;),</subfield>
<subfield code="e">&#1072;uthor.</subfield>
</datafield>
<datafield tag="880" ind1="1" ind2="0">
<subfield code="6">245-02/</subfield>
<subfield code="a">&#1040;&#1088;&#1093;&#1077;&#1086;&#1083;&#1086;&#1075;&#1080;&#1095;&#1077;&#1089;&#1082;&#1086;&#1077; &#1085;&#1072;&#1089;&#1083;&#1077;&#1076;&#1080;&#1077; &#1056;&#1077;&#1089;&#1087;&#1091;&#1073;&#1083;&#1080;&#1082;&#1080; &#1040;&#1083;&#1090;&#1072;&#1080; &#1087;&#1086; &#1090;&#1088;&#1072;&#1089;&#1089;&#1077; &#1087;&#1088;&#1086;&#1077;&#1082;&#1090;&#1080;&#1088;&#1091;&#1077;&#1084;&#1086;&#1075;&#1086; &#1075;&#1072;&#1079;&#1086;&#1087;&#1088;&#1086;&#1074;&#1086;&#1076;&#1072; "&#1057;&#1080;&#1083;&#1072; &#1057;&#1080;&#1073;&#1080;&#1088;&#1080;-2" ("&#1040;&#1083;&#1090;&#1072;&#1080;") :</subfield>
<subfield code="b">&#1087;&#1086; &#1084;&#1072;&#1090;&#1077;&#1088;&#1080;&#1072;&#1083;&#1072;&#1084; &#1080;&#1089;&#1089;&#1083;&#1077;&#1076;&#1086;&#1074;&#1072;&#1085;&#1080;&#1081; 2011-2012 &#1075;&#1086;&#1076;&#1086;&#1074; = Archaeological heritage of the Altai Republic along the route of the projected gas pipeline "Power of Siberia-2" ("Altai") : based on the research materials of 2011-2012 /</subfield>
<subfield code="c">&#1040;.&#1055;. &#1041;&#1086;&#1088;&#1086;&#1076;&#1086;&#1074;&#1089;&#1082;&#1080;&#1081;. &#1057;.&#1042;. &#1043;&#1086;&#1088;&#1086;&#1093;&#1086;&#1074;, &#1043;.&#1041;. &#1050;&#1091;&#1073;&#1072;&#1088;&#1077;&#1074;, &#1045;.&#1057;. &#1041;&#1086;&#1075;&#1076;&#1072;&#1085;&#1086;&#1074; ; &#1086;&#1090;&#1074;&#1077;&#1090;&#1089;&#1090;&#1074;&#1077;&#1085;&#1085;&#1099;&#1077; &#1088;&#1077;&#1076;&#1072;&#1082;&#1090;&#1086;&#1088;&#1099; &#1072;&#1082;&#1072;&#1076;&#1077;&#1084;&#1080;&#1082; &#1056;&#1040;&#1053; &#1040;.&#1055;. &#1044;&#1077;&#1074;&#1077;&#1088;&#1103;&#1085;&#1082;&#1086;, &#1072;&#1082;&#1072;&#1076;&#1077;&#1084;&#1080;&#1082; &#1056;&#1040;&#1053; &#1042;.&#1048;. &#1052;&#1086;&#1083;&#1086;&#1076;&#1080;&#1085;.</subfield>
</datafield>
<datafield tag="880" ind1=" " ind2="1">
<subfield code="6">264-03/</subfield>
<subfield code="a">&#1053;&#1086;&#1074;&#1086;&#1089;&#1080;&#1073;&#1080;&#1088;&#1089;&#1082; :</subfield>
<subfield code="b">&#1048;&#1079;&#1076;&#1072;&#1090;&#1077;&#1083;&#1100;&#1089;&#1090;&#1074;&#1086; &#1048;&#1040;&#1069;&#1058; &#1057;&#1054; &#1056;&#1040;&#1053;,</subfield>
<subfield code="c">2016.</subfield>
</datafield>
<datafield tag="880" ind1=" " ind2=" ">
<subfield code="6">500-04/</subfield>
<subfield code="a">At head of title: &#1060;&#1077;&#1076;&#1077;&#1088;&#1072;&#1083;&#1100;&#1085;&#1086;&#1077; &#1072;&#1075;&#1077;&#1085;&#1090;&#1089;&#1090;&#1074;&#1086; &#1085;&#1072;&#1091;&#1095;&#1085;&#1099;&#1093; &#1086;&#1088;&#1075;&#1072;&#1085;&#1080;&#1079;&#1072;&#1094;&#1080;&#1081;. &#1048;&#1085;&#1089;&#1090;&#1080;&#1090;&#1091;&#1090; &#1040;&#1088;&#1093;&#1077;&#1086;&#1083;&#1086;&#1075;&#1080;&#1080; &#1080; &#1101;&#1090;&#1085;&#1086;&#1075;&#1088;&#1072;&#1092;&#1080;&#1080; &#1057;&#1080;&#1073;&#1080;&#1088;&#1089;&#1082;&#1086;&#1075;&#1086; &#1086;&#1090;&#1076;&#1077;&#1083;&#1077;&#1085;&#1080;&#1080;&amp;#x0220E;&#1072;&#1083; &#1056;&#1086;&#1089;&#1089;&#1080;&#1081;&#1089;&#1082;&#1086;&#1081; &#1072;&#1082;&#1072;&#1076;&#1077;&#1084;&#1080;&#1080; &#1085;&#1072;&#1091;&#1082;.</subfield>
</datafield>
<datafield tag="880" ind1="0" ind2="0">
<subfield code="6">505-05/</subfield>
<subfield code="g">&#1058;. 1.</subfield>
<subfield code="t">&#1054;&#1087;&#1080;&#1089;&#1072;&#1085;&#1080;&#1103; --</subfield>
<subfield code="g">&#1090;. 2.</subfield>
<subfield code="t">&#1040;&#1083;&#1100;&#1073;&#1086;&#1084; &#1080;&#1083;&#1083;&#1102;&#1089;&#1090;&#1088;&#1072;&#1094;&#1080;&#1080; --</subfield>
<subfield code="g">&#1090;. 3.</subfield>
<subfield code="t">&#1040;&#1083;&#1100;&#1073;&#1086;&#1084; &#1080;&#1083;&#1083;&#1102;&#1089;&#1090;&#1088;&#1072;&#1094;&#1080;&#1080;.</subfield>
</datafield>
<datafield tag="880" ind1="1" ind2=" ">
<subfield code="6">700-06/</subfield>
<subfield code="a">&#1043;&#1086;&#1088;&#1086;&#1093;&#1086;&#1074;, &#1057;. &#1042;.</subfield>
<subfield code="q">(&#1057;&#1077;&#1088;&#1075;&#1077;&#1081; &#1042;&#1072;&#1083;&#1077;&#1088;&#1100;&#1077;&#1074;&#1080;&#1095;),</subfield>
<subfield code="e">author.</subfield>
</datafield>
<datafield tag="880" ind1="1" ind2=" ">
<subfield code="6">700-07/</subfield>
<subfield code="a">&#1050;&#1091;&#1073;&#1072;&#1088;&#1077;&#1074;, &#1043;. &#1042;.</subfield>
<subfield code="q">(&#1043;&#1083;&#1077;&#1073; &#1042;&#1083;&#1072;&#1076;&#1080;&#1084;&#1080;&#1088;&#1086;&#1074;&#1080;&#1095;),</subfield>
<subfield code="e">author.</subfield>
</datafield>
<datafield tag="880" ind1="1" ind2=" ">
<subfield code="6">700-08/</subfield>
<subfield code="a">&#1041;&#1086;&#1075;&#1076;&#1072;&#1085;&#1086;&#1074;, &#1045;. &#1057;.</subfield>
<subfield code="q">(&#1045;&#1074;&#1075;&#1077;&#1085;&#1080;&#1081; &#1057;&#1077;&#1088;&#1075;&#1077;&#1077;&#1074;&#1080;&#1095;),</subfield>
<subfield code="e">&#1072;uthor.</subfield>
</datafield>
<datafield tag="880" ind1="1" ind2=" ">
<subfield code="6">700-09/</subfield>
<subfield code="a">&#1044;&#1077;&#1088;&#1077;&#1074;&#1103;&#1085;&#1082;&#1086;, &#1040;. &#1055;.</subfield>
<subfield code="q">(&#1040;&#1085;&#1072;&#1090;&#1086;&#1083;&#1080;&#1081; &#1055;&#1072;&#1085;&#1090;&#1077;&#1083;&#1077;&#1077;&#1074;&#1080;&#1095;),</subfield>
<subfield code="e">&#1077;ditor.</subfield>
</datafield>
<datafield tag="880" ind1="1" ind2=" ">
<subfield code="6">700-10/</subfield>
<subfield code="a">&#1052;&#1086;&#1083;&#1086;&#1076;&#1080;&#1085;, &#1042;. &#1048;.</subfield>
<subfield code="q">(&#1042;&#1103;&#1095;&#1077;&#1089;&#1083;&#1072;&#1074; &#1048;&#1074;&#1072;&#1085;&#1086;&#1074;&#1080;&#1095;),</subfield>
<subfield code="d">1948-</subfield>
<subfield code="e">&#1077;ditor.</subfield>
</datafield>
<datafield tag="880" ind1="2" ind2=" ">
<subfield code="6">710-11/</subfield>
<subfield code="a">&#1048;&#1085;&#1089;&#1090;&#1080;&#1090;&#1091;&#1090; &#1072;&#1088;&#1093;&#1077;&#1086;&#1083;&#1086;&#1075;&#1080;&#1080; &#1080; &#1101;&#1090;&#1085;&#1086;&#1075;&#1088;&#1072;&#1092;&#1080;&#1080; (&#1056;&#1086;&#1089;&#1089;&#1080;&#1081;&#1089;&#1082;&#1072;&#1103; &#1072;&#1082;&#1072;&#1076;&#1077;&#1084;&#1080;&#1103; &#1085;&#1072;&#1091;&#1082;. &#1057;&#1080;&#1073;&#1080;&#1088;&#1089;&#1082;&#1086;&#1077; &#1086;&#1090;&#1076;&#1077;&#1083;&#1077;&#1085;&#1080;&#1077;),</subfield>
<subfield code="e">&#1080;ssuing body.</subfield>
</datafield>
<datafield tag="OWN" ind1=" " ind2=" ">
<subfield code="a">GENERAL</subfield>
</datafield>
<datafield tag="AVA" ind1=" " ind2=" ">
<subfield code="a">NYU50</subfield>
<subfield code="b">NISAW</subfield>
<subfield code="c">Large Collection</subfield>
<subfield code="d">DK771.A25 B676 2016 Non-circulating</subfield>
<subfield code="e">available</subfield>
<subfield code="t">Available</subfield>
<subfield code="f">3</subfield>
<subfield code="g">0</subfield>
<subfield code="h">Y</subfield>
<subfield code="i">0</subfield>
<subfield code="j">LARGE</subfield>
<subfield code="k">0</subfield>
</datafield>
</record>