<record xmlns="http://www.loc.gov/MARC21/slim" xmlns:xsi="http://www.w3.org/2001/XMLSchema-instance" xsi:schemaLocation="http://www.loc.gov/MARC21/slim http://www.loc.gov/standards/marcxml/schema/MARC21slim.xsd">
<leader>00000cam a22      a 4500</leader>
<controlfield tag="FMT">BK</controlfield>
<controlfield tag="LDR">00000cam a22      a 4500</controlfield>
<controlfield tag="001">006214738</controlfield>
<controlfield tag="005">20180709133546.0</controlfield>
<controlfield tag="008">180620s1980    ru            100 0 ruso</controlfield>
<datafield tag="010" ind1=" " ind2=" ">
<subfield code="a">   83462049</subfield>
</datafield>
<datafield tag="035" ind1=" " ind2=" ">
<subfield code="a">(OCoLC)10876653</subfield>
</datafield>
<datafield tag="040" ind1=" " ind2=" ">
<subfield code="a">DLC</subfield>
<subfield code="b">eng</subfield>
<subfield code="c">DLC</subfield>
<subfield code="d">OCLCF</subfield>
<subfield code="d">OCLCO</subfield>
<subfield code="d">OCLCQ</subfield>
<subfield code="d">OCLCO</subfield>
<subfield code="d">OCL</subfield>
<subfield code="d">ZYU</subfield>
</datafield>
<datafield tag="043" ind1=" " ind2=" ">
<subfield code="a">e-urk--</subfield>
<subfield code="a">ac-----</subfield>
</datafield>
<datafield tag="050" ind1="0" ind2="0">
<subfield code="a">DK855.4</subfield>
<subfield code="b">.S74 1980</subfield>
</datafield>
<datafield tag="111" ind1="2" ind2=" ">
<subfield code="6">880-01</subfield>
<subfield code="a">Sredneaziatsko-kavkazskie chtenii&#865;a</subfield>
<subfield code="d">(1980 :</subfield>
<subfield code="c">Institut &#279;tnografii im. N.N. Miklukho-Maklai&#865;a, Leningradskoe otdelenie)</subfield>
</datafield>
<datafield tag="245" ind1="1" ind2="0">
<subfield code="6">880-02</subfield>
<subfield code="a">Kratkoe soderzhanie dokladov Sredneaziatsko-kavkazskikh chteni&#301;, noi&#865;abr&#697; 1980 g. /</subfield>
<subfield code="c">Pod red. L.I. Lavrova.</subfield>
</datafield>
<datafield tag="260" ind1=" " ind2=" ">
<subfield code="6">880-03</subfield>
<subfield code="a">Leningrad :</subfield>
<subfield code="b">"Nauka, " Leningradskoe otd-nie,</subfield>
<subfield code="c">1980.</subfield>
</datafield>
<datafield tag="300" ind1=" " ind2=" ">
<subfield code="a">32 pages ;</subfield>
<subfield code="c">21 cm</subfield>
</datafield>
<datafield tag="336" ind1=" " ind2=" ">
<subfield code="a">text</subfield>
<subfield code="b">txt</subfield>
<subfield code="2">rdacontent</subfield>
</datafield>
<datafield tag="337" ind1=" " ind2=" ">
<subfield code="a">unmediated</subfield>
<subfield code="b">n</subfield>
<subfield code="2">rdamedia</subfield>
</datafield>
<datafield tag="338" ind1=" " ind2=" ">
<subfield code="a">volume</subfield>
<subfield code="b">nc</subfield>
<subfield code="2">rdacarrier</subfield>
</datafield>
<datafield tag="500" ind1=" " ind2=" ">
<subfield code="a">ISAW copy is from the library of Aleksandr Leskov.</subfield>
<subfield code="5">NyNyUAW</subfield>
</datafield>
<datafield tag="500" ind1=" " ind2=" ">
<subfield code="6">880-04</subfield>
<subfield code="a">At head of title: Akademii&#865;a nauk SSSR. Institut &#279;tnografii im. N.N. Miklukho-Maklai&#865;a. Leningradskoe otdelenie.</subfield>
</datafield>
<datafield tag="650" ind1=" " ind2="0">
<subfield code="a">Ethnology</subfield>
<subfield code="z">Caucasus</subfield>
<subfield code="v">Congresses.</subfield>
</datafield>
<datafield tag="650" ind1=" " ind2="0">
<subfield code="a">Ethnology</subfield>
<subfield code="z">Asia, Central</subfield>
<subfield code="v">Congresses.</subfield>
</datafield>
<datafield tag="700" ind1="1" ind2=" ">
<subfield code="6">880-05</subfield>
<subfield code="a">Lavrov, Leonid Ivanovich,</subfield>
<subfield code="e">editor.</subfield>
</datafield>
<datafield tag="710" ind1="2" ind2=" ">
<subfield code="6">880-06</subfield>
<subfield code="a">Institut &#279;tnografii imeni N.N. Miklukho-Maklai&#865;a.</subfield>
<subfield code="b">Leningradskoe otdelenie,</subfield>
<subfield code="e">host institution.</subfield>
</datafield>
<datafield tag="700" ind1="1" ind2=" ">
<subfield code="a">Leskov, Aleksandr Mikha&#301;lovich,</subfield>
<subfield code="e">former owner.</subfield>
<subfield code="5">NyNyUAW</subfield>
</datafield>
<datafield tag="740" ind1="0" ind2=" ">
<subfield code="a">Leskov Collection.</subfield>
<subfield code="5">NyNyUAW</subfield>
</datafield>
<datafield tag="880" ind1="2" ind2=" ">
<subfield code="6">111-01/</subfield>
<subfield code="a">&#1057;&#1088;&#1077;&#1076;&#1085;&#1077;&#1072;&#1079;&#1080;&#1072;&#1090;&#1089;&#1082;&#1086;-&#1082;&#1072;&#1074;&#1082;&#1072;&#1079;&#1089;&#1082;&#1080;&#1077; &#1095;&#1090;&#1077;&#1085;&#1080;&#1103;</subfield>
<subfield code="d">(1980 :</subfield>
<subfield code="c">&#1048;&#1085;&#1089;&#1090;&#1080;&#1090;&#1091;&#1090; &#1101;&#1090;&#1085;&#1086;&#1075;&#1088;&#1072;&#1092;&#1080;&#1080; &#1080;&#1084;. &#1053;.&#1053;. &#1052;&#1080;&#1082;&#1083;&#1091;&#1093;&#1086;-&#1052;&#1072;&#1082;&#1083;&#1072;&#1103;, &#1051;&#1077;&#1085;&#1080;&#1085;&#1075;&#1088;&#1072;&#1076;&#1089;&#1082;&#1086;&#1077; &#1086;&#1090;&#1076;&#1077;&#1083;&#1077;&#1085;&#1080;&#1077;)</subfield>
</datafield>
<datafield tag="880" ind1="1" ind2="0">
<subfield code="6">245-02/</subfield>
<subfield code="a">&#1050;&#1088;&#1072;&#1090;&#1082;&#1086;&#1077; &#1089;&#1086;&#1076;&#1077;&#1088;&#1078;&#1072;&#1085;&#1080;&#1077; &#1076;&#1086;&#1082;&#1083;&#1072;&#1076;&#1086;&#1074; &#1057;&#1088;&#1077;&#1076;&#1085;&#1077;&#1072;&#1079;&#1080;&#1072;&#1090;&#1089;&#1082;&#1086;-&#1082;&#1072;&#1074;&#1082;&#1072;&#1079;&#1089;&#1082;&#1080;&#1093; &#1095;&#1090;&#1077;&#1085;&#1080;&#1081;, &#1085;&#1086;&#1103;&#1073;&#1088;&#1100; 1980 &#1075;. /</subfield>
<subfield code="c">&#1055;&#1086;&#1076; &#1088;&#1077;&#1076;. &#1051;.&#1048;. &#1051;&#1072;&#1074;&#1088;&#1086;&#1074;&#1072;.</subfield>
</datafield>
<datafield tag="880" ind1=" " ind2=" ">
<subfield code="6">260-03/</subfield>
<subfield code="a">&#1051;&#1077;&#1085;&#1080;&#1085;&#1075;&#1088;&#1072;&#1076; :</subfield>
<subfield code="b">"&#1053;&#1072;&#1091;&#1082;&#1072;, " &#1051;&#1077;&#1085;&#1080;&#1085;&#1075;&#1088;&#1072;&#1076;&#1089;&#1082;&#1086;&#1077; &#1086;&#1090;&#1076;-&#1085;&#1080;&#1077;,</subfield>
<subfield code="c">1980.</subfield>
</datafield>
<datafield tag="880" ind1=" " ind2=" ">
<subfield code="6">500-04/</subfield>
<subfield code="a">&#1040;t head of title: &#1040;&#1082;&#1072;&#1076;&#1077;&#1084;&#1080;&#1103; &#1085;&#1072;&#1091;&#1082; &#1057;&#1057;&#1057;&#1056;. &#1048;&#1085;&#1089;&#1090;&#1080;&#1090;&#1091;&#1090; &#1101;&#1090;&#1085;&#1086;&#1075;&#1088;&#1072;&#1092;&#1080;&#1080; &#1080;&#1084;. &#1053;.&#1053;. &#1052;&#1080;&#1082;&#1083;&#1091;&#1093;&#1086;-&#1052;&#1072;&#1082;&#1083;&#1072;&#1103;. &#1051;&#1077;&#1085;&#1080;&#1085;&#1075;&#1088;&#1072;&#1076;&#1089;&#1082;&#1086;&#1077; &#1086;&#1090;&#1076;&#1077;&#1083;&#1077;&#1085;&#1080;&#1077;.</subfield>
</datafield>
<datafield tag="880" ind1="1" ind2=" ">
<subfield code="6">700-05/</subfield>
<subfield code="a">&#1051;&#1072;&#1074;&#1088;&#1086;&#1074;, &#1051;&#1077;&#1086;&#1085;&#1080;&#1076; &#1048;&#1074;&#1072;&#1085;&#1086;&#1074;&#1080;&#1095;,</subfield>
<subfield code="e">editor.</subfield>
</datafield>
<datafield tag="880" ind1="2" ind2=" ">
<subfield code="6">710-06/</subfield>
<subfield code="a">&#1048;&#1085;&#1089;&#1090;&#1080;&#1090;&#1091;&#1090; &#1101;&#1090;&#1085;&#1086;&#1075;&#1088;&#1072;&#1092;&#1080;&#1080; &#1080;&#1084;&#1077;&#1085;&#1080; &#1053;.&#1053;. &#1052;&#1080;&#1082;&#1083;&#1091;&#1093;&#1086;-&#1052;&#1072;&#1082;&#1083;&#1072;&#1103;.</subfield>
<subfield code="b">&#1051;&#1077;&#1085;&#1080;&#1085;&#1075;&#1088;&#1072;&#1076;&#1089;&#1082;&#1086;&#1077; &#1086;&#1090;&#1076;&#1077;&#1083;&#1077;&#1085;&#1080;&#1077;,</subfield>
<subfield code="e">host institution.</subfield>
</datafield>
<datafield tag="OWN" ind1=" " ind2=" ">
<subfield code="a">GENERAL</subfield>
</datafield>
<datafield tag="AVA" ind1=" " ind2=" ">
<subfield code="a">NYU50</subfield>
<subfield code="b">NISAW</subfield>
<subfield code="c">Small Collection</subfield>
<subfield code="d">DK855.4 .S74 1980 Non-circulating</subfield>
<subfield code="e">unavailable</subfield>
<subfield code="t">Unavailable</subfield>
<subfield code="f">1</subfield>
<subfield code="g">1</subfield>
<subfield code="h">N</subfield>
<subfield code="i">0</subfield>
<subfield code="j">SMALL</subfield>
<subfield code="k">0</subfield>
</datafield>
</record>