<record xmlns="http://www.loc.gov/MARC21/slim" xmlns:xsi="http://www.w3.org/2001/XMLSchema-instance" xsi:schemaLocation="http://www.loc.gov/MARC21/slim http://www.loc.gov/standards/marcxml/schema/MARC21slim.xsd">
<leader>00000cam a2200313 a 4500</leader>
<controlfield tag="FMT">BK</controlfield>
<controlfield tag="LDR">00000cam a2200313 a 4500</controlfield>
<controlfield tag="001">002542400</controlfield>
<controlfield tag="003">NNU</controlfield>
<controlfield tag="005">20180612163238.0</controlfield>
<controlfield tag="008">780414m19379999fr aef   b    001 0 fre</controlfield>
<datafield tag="010" ind1=" " ind2=" ">
<subfield code="a">43011687 //r</subfield>
</datafield>
<datafield tag="035" ind1="9" ind2=" ">
<subfield code="a">NYUb10205673</subfield>
</datafield>
<datafield tag="035" ind1=" " ind2=" ">
<subfield code="a">GLIS002056738</subfield>
</datafield>
<datafield tag="035" ind1=" " ind2=" ">
<subfield code="a">(CStRLIN)NYUG3804398B</subfield>
</datafield>
<datafield tag="035" ind1=" " ind2=" ">
<subfield code="a">(NYU)NYUb10205673</subfield>
</datafield>
<datafield tag="040" ind1=" " ind2=" ">
<subfield code="a">DLC</subfield>
<subfield code="c">NbU</subfield>
<subfield code="d">NNU</subfield>
<subfield code="d">CStRLIN</subfield>
<subfield code="d">NNU</subfield>
</datafield>
<datafield tag="043" ind1=" " ind2=" ">
<subfield code="a">a-le---</subfield>
</datafield>
<datafield tag="050" ind1=" " ind2="4">
<subfield code="a">DS80.3</subfield>
<subfield code="b">.D86 1937</subfield>
</datafield>
<datafield tag="079" ind1=" " ind2=" ">
<subfield code="a">(OCoLC)3804398</subfield>
</datafield>
<datafield tag="100" ind1="1" ind2=" ">
<subfield code="a">Dunand, Maurice.</subfield>
</datafield>
<datafield tag="245" ind1="1" ind2="0">
<subfield code="a">Fouilles de Byblos /</subfield>
<subfield code="c">Maurice Dunand.</subfield>
</datafield>
<datafield tag="260" ind1=" " ind2=" ">
<subfield code="a">Paris :</subfield>
<subfield code="b">P. Geuthner,</subfield>
<subfield code="c">1937-</subfield>
</datafield>
<datafield tag="300" ind1=" " ind2=" ">
<subfield code="a">v. :</subfield>
<subfield code="b">ill. (some folded), plans (some folded) ;</subfield>
<subfield code="c">33 cm.</subfield>
</datafield>
<datafield tag="490" ind1="1" ind2=" ">
<subfield code="a">Biblioth&#232;que arch&#233;ologique et historique ;</subfield>
<subfield code="v">t. 24</subfield>
</datafield>
<datafield tag="500" ind1=" " ind2=" ">
<subfield code="a">ISAW copy (t.2) is from the library of Paul &#197;str&#246;m.</subfield>
<subfield code="5">NyNyUAW</subfield>
</datafield>
<datafield tag="500" ind1=" " ind2=" ">
<subfield code="a">On half-t.p., t. 1, Atlas: R&#233;publique libanaise. Direction de l'Instruction publique et des beaux-arts. &#201;tudes et documents d'arch&#233;ologie, tome 1er.</subfield>
</datafield>
<datafield tag="500" ind1=" " ind2=" ">
<subfield code="a">At head of title, t. 5: R&#233;publique libanaise, Minist&#232;re du tourisme, Direction g&#233;n&#233;rale des antiquit&#233;s. &#201;tudes et documents d'arch&#233;ologie, tome VI.</subfield>
</datafield>
<datafield tag="500" ind1=" " ind2=" ">
<subfield code="a">Tome 5, Planches: 13 leaves (chiefly folded) in cover pocket.</subfield>
</datafield>
<datafield tag="500" ind1=" " ind2=" ">
<subfield code="a">Tome 5 published: Paris : A. Maisonneuve.</subfield>
</datafield>
<datafield tag="504" ind1=" " ind2=" ">
<subfield code="a">Includes bibliographical references and indexes.</subfield>
</datafield>
<datafield tag="505" ind1="1" ind2="0">
<subfield code="g">t. 1.</subfield>
<subfield code="t">1926-1932 (2 v.: Texte, Atlas) --</subfield>
<subfield code="g">t. 2.</subfield>
<subfield code="t">1933-1938 (2 v.: Texte, Atlas) --</subfield>
<subfield code="g">t. 5.</subfield>
<subfield code="t">Architecture, les tombes, le mat&#233;riel domestique, des origines n&#233;olithiques &#224; l'av&#232;nement urbain (2 v.: Texte, Planches)</subfield>
</datafield>
<datafield tag="650" ind1=" " ind2="0">
<subfield code="a">Excavations (Archaeology)</subfield>
<subfield code="z">Lebanon</subfield>
<subfield code="z">Byblos (Extinct city).</subfield>
</datafield>
<datafield tag="651" ind1=" " ind2="0">
<subfield code="a">Byblos (Extinct city)</subfield>
</datafield>
<datafield tag="651" ind1=" " ind2="0">
<subfield code="a">Lebanon</subfield>
<subfield code="x">Antiquities.</subfield>
</datafield>
<datafield tag="651" ind1=" " ind2="7">
<subfield code="a">Byblos.</subfield>
<subfield code="2">pleiades</subfield>
<subfield code="0">https://pleiades.stoa.org/places/668216</subfield>
<subfield code="5">NyNyUAW</subfield>
</datafield>
<datafield tag="700" ind1="1" ind2=" ">
<subfield code="a">&#197;str&#246;m, Paul,</subfield>
<subfield code="e">former owner.</subfield>
<subfield code="5">NyNyUAW</subfield>
</datafield>
<datafield tag="740" ind1="0" ind2=" ">
<subfield code="a">&#197;str&#246;m Collection.</subfield>
<subfield code="5">NyNyUAW</subfield>
</datafield>
<datafield tag="700" ind1="1" ind2=" ">
<subfield code="a">Stager, Lawrence E.,</subfield>
<subfield code="e">former owner.</subfield>
<subfield code="5">NyNyUAW</subfield>
</datafield>
<datafield tag="740" ind1="0" ind2=" ">
<subfield code="a">Stager Collection.</subfield>
<subfield code="5">NyNyUAW</subfield>
</datafield>
<datafield tag="710" ind1="2" ind2=" ">
<subfield code="a">Haut Commissariat de la R&#233;publique fran&#231;aise en Syrie et au Liban.</subfield>
<subfield code="b">Service des antiquit&#233;s et des beaux-arts.</subfield>
</datafield>
<datafield tag="710" ind1="1" ind2=" ">
<subfield code="a">Lebanon.</subfield>
<subfield code="b">Wiz&#257;rat al-Tarbiyah al-Wa&#7789;an&#299;yah wa-al-Fun&#363;n al-Jam&#299;lah.</subfield>
<subfield code="t">&#201;tudes et documents d'arch&#233;ologie.</subfield>
</datafield>
<datafield tag="710" ind1="1" ind2=" ">
<subfield code="a">Lebanon.</subfield>
<subfield code="b">Mud&#299;r&#299;yah al-&#699;&#256;mmah lil-&#256;th&#257;r.</subfield>
<subfield code="t">&#201;tudes et documents d'arch&#233;ologie.</subfield>
</datafield>
<datafield tag="830" ind1=" " ind2="0">
<subfield code="a">Biblioth&#232;que arch&#233;ologique et historique ;</subfield>
<subfield code="v">t. 24.</subfield>
</datafield>
<datafield tag="OWN" ind1=" " ind2=" ">
<subfield code="a">GENERAL</subfield>
</datafield>
<datafield tag="AVA" ind1=" " ind2=" ">
<subfield code="a">NYU50</subfield>
<subfield code="b">NIFA</subfield>
<subfield code="c">Main Collection</subfield>
<subfield code="d">DS99.J42 D8 Non-circulating</subfield>
<subfield code="e">available</subfield>
<subfield code="t">Available</subfield>
<subfield code="f">7</subfield>
<subfield code="g">0</subfield>
<subfield code="h">Y</subfield>
<subfield code="i">0</subfield>
<subfield code="j">MAIN</subfield>
<subfield code="k">0</subfield>
</datafield>
<datafield tag="AVA" ind1=" " ind2=" ">
<subfield code="a">NYU50</subfield>
<subfield code="b">NISAW</subfield>
<subfield code="c">Oversize Collection</subfield>
<subfield code="d">DS80.3 .D86 1937 Non-circulating</subfield>
<subfield code="e">check_holdings</subfield>
<subfield code="t">Check Holdings</subfield>
<subfield code="h">Y</subfield>
<subfield code="j">OVERZ</subfield>
<subfield code="k">0</subfield>
</datafield>
</record>