<record xmlns="http://www.loc.gov/MARC21/slim" xmlns:xsi="http://www.w3.org/2001/XMLSchema-instance" xsi:schemaLocation="http://www.loc.gov/MARC21/slim http://www.loc.gov/standards/marcxml/schema/MARC21slim.xsd">
<leader>00000cam a2200505 a 4500</leader>
<controlfield tag="FMT">BK</controlfield>
<controlfield tag="LDR">00000cam a2200505 a 4500</controlfield>
<controlfield tag="001">004132304</controlfield>
<controlfield tag="003">OCoLC</controlfield>
<controlfield tag="005">20180612152847.0</controlfield>
<controlfield tag="008">721121m19319999pauaef   b    000 0 eng</controlfield>
<datafield tag="010" ind1=" " ind2=" ">
<subfield code="a">32014457</subfield>
</datafield>
<datafield tag="035" ind1=" " ind2=" ">
<subfield code="a">(OCoLC)499839</subfield>
<subfield code="z">(OCoLC)905564907</subfield>
</datafield>
<datafield tag="040" ind1=" " ind2=" ">
<subfield code="a">DLC</subfield>
<subfield code="b">eng</subfield>
<subfield code="c">AKR</subfield>
<subfield code="d">DLC</subfield>
<subfield code="d">SER</subfield>
<subfield code="d">CUY</subfield>
<subfield code="d">IL4J6</subfield>
<subfield code="d">WAU</subfield>
<subfield code="d">OCLCO</subfield>
<subfield code="d">MR4</subfield>
<subfield code="d">OCLCQ</subfield>
<subfield code="d">OCLCO</subfield>
<subfield code="d">ZYU</subfield>
</datafield>
<datafield tag="042" ind1=" " ind2=" ">
<subfield code="a">premarc</subfield>
</datafield>
<datafield tag="043" ind1=" " ind2=" ">
<subfield code="a">a-is---</subfield>
</datafield>
<datafield tag="050" ind1="0" ind2="0">
<subfield code="a">DS110.A5</subfield>
<subfield code="b">G72</subfield>
</datafield>
<datafield tag="079" ind1=" " ind2=" ">
<subfield code="a">(OCoLC)499839</subfield>
</datafield>
<datafield tag="082" ind1="0" ind2=" ">
<subfield code="a">913.33</subfield>
</datafield>
<datafield tag="090" ind1=" " ind2=" ">
<subfield code="a">DS110.B394</subfield>
<subfield code="b">G725 1931</subfield>
</datafield>
<datafield tag="100" ind1="1" ind2=" ">
<subfield code="a">Grant, Elihu,</subfield>
<subfield code="d">1873-1942.</subfield>
</datafield>
<datafield tag="245" ind1="1" ind2="0">
<subfield code="a">Ain Shems excavations (Palestine) /</subfield>
<subfield code="c">Elihu Grant.</subfield>
</datafield>
<datafield tag="260" ind1=" " ind2=" ">
<subfield code="a">Haverford :</subfield>
<subfield code="b">Haverford College,</subfield>
<subfield code="c">1931-</subfield>
</datafield>
<datafield tag="300" ind1=" " ind2=" ">
<subfield code="a">volumes in</subfield>
<subfield code="b">color frontispiece (volumes 3), illustrations, plates (some color), plans (part double), double diagram ;</subfield>
<subfield code="c">32 cm.</subfield>
</datafield>
<datafield tag="336" ind1=" " ind2=" ">
<subfield code="a">text</subfield>
<subfield code="b">txt</subfield>
<subfield code="2">rdacontent</subfield>
</datafield>
<datafield tag="336" ind1=" " ind2=" ">
<subfield code="a">still image</subfield>
<subfield code="b">sti</subfield>
<subfield code="2">rdacontent</subfield>
</datafield>
<datafield tag="337" ind1=" " ind2=" ">
<subfield code="a">unmediated</subfield>
<subfield code="b">n</subfield>
<subfield code="2">rdamedia</subfield>
</datafield>
<datafield tag="338" ind1=" " ind2=" ">
<subfield code="a">volume</subfield>
<subfield code="b">nc</subfield>
<subfield code="2">rdacarrier</subfield>
</datafield>
<datafield tag="490" ind1="1" ind2=" ">
<subfield code="a">Biblical and kindred studies ;</subfield>
<subfield code="v">no. 3-5, 7-8</subfield>
</datafield>
<datafield tag="500" ind1=" " ind2=" ">
<subfield code="a">Part III- has title: Rumeileh, being Ain Shems excavations (Palestine).</subfield>
</datafield>
<datafield tag="500" ind1=" " ind2=" ">
<subfield code="a">"Book list": v. 1, p. 9; "List of reference books": v. 3, p. vii.</subfield>
</datafield>
<datafield tag="500" ind1=" " ind2=" ">
<subfield code="a">"Beth Shemesh in literature, by Professor Irving F. Wood": v. 1, p. 79-84.</subfield>
</datafield>
<datafield tag="504" ind1=" " ind2=" ">
<subfield code="a">"Book list": v. 1, p. 9; "List of reference books": v. 3, p. vii.</subfield>
</datafield>
<datafield tag="530" ind1=" " ind2=" ">
<subfield code="a">Also issued online.</subfield>
</datafield>
<datafield tag="505" ind1="0" ind2="0">
<subfield code="g">Part 1-2.</subfield>
<subfield code="t">1928, 1929, 1930, 1931 --</subfield>
<subfield code="g">part 3.</subfield>
<subfield code="t">Rumeileh --</subfield>
<subfield code="g">part 4.</subfield>
<subfield code="t">Pottery /</subfield>
<subfield code="r">Elihu Grant and G. Ernest Wright --</subfield>
<subfield code="g">part 5.</subfield>
<subfield code="t">Text.</subfield>
</datafield>
<datafield tag="500" ind1=" " ind2=" ">
<subfield code="a">ISAW copy (pt. 1-3) is from the library of Hayim and Miriam Tadmor.</subfield>
<subfield code="5">NyNyUAW</subfield>
</datafield>
<datafield tag="500" ind1=" " ind2=" ">
<subfield code="a">ISAW copy (pt. 4-5) is from the library of Lawrence E. Stager.</subfield>
<subfield code="5">NyNyUAW</subfield>
</datafield>
<datafield tag="651" ind1=" " ind2="0">
<subfield code="a">Bet-Shemesh (Extinct city)</subfield>
</datafield>
<datafield tag="650" ind1=" " ind2="0">
<subfield code="a">Excavations (Archaeology)</subfield>
<subfield code="z">Israel</subfield>
<subfield code="z">Bet-Shemesh (Extinct city)</subfield>
</datafield>
<datafield tag="611" ind1="2" ind2="0">
<subfield code="a">Haverford College Archaeological Expedition.</subfield>
</datafield>
<datafield tag="651" ind1=" " ind2="0">
<subfield code="a">Palestine</subfield>
<subfield code="x">Antiquities.</subfield>
</datafield>
<datafield tag="650" ind1=" " ind2="0">
<subfield code="a">Pottery</subfield>
<subfield code="z">Palestine.</subfield>
</datafield>
<datafield tag="651" ind1=" " ind2="7">
<subfield code="a">Beit Shemesh.</subfield>
<subfield code="2">pleiades</subfield>
<subfield code="0">https://pleiades.stoa.org/places/432223402</subfield>
<subfield code="5">NyNyUAW</subfield>
</datafield>
<datafield tag="700" ind1="1" ind2=" ">
<subfield code="a">Wood, Irving Francis,</subfield>
<subfield code="d">1861-1934.</subfield>
</datafield>
<datafield tag="700" ind1="1" ind2=" ">
<subfield code="a">Wright, G. Ernest</subfield>
<subfield code="q">(George Ernest),</subfield>
<subfield code="d">1909-1974.</subfield>
</datafield>
<datafield tag="700" ind1="1" ind2=" ">
<subfield code="a">Tadmor, Miriam,</subfield>
<subfield code="e">former owner.</subfield>
<subfield code="5">NyNyUAW</subfield>
</datafield>
<datafield tag="700" ind1="1" ind2=" ">
<subfield code="a">Tadmor, Hayim,</subfield>
<subfield code="e">former owner.</subfield>
<subfield code="5">NyNyUAW</subfield>
</datafield>
<datafield tag="700" ind1="1" ind2=" ">
<subfield code="a">Stager, Lawrence E.,</subfield>
<subfield code="e">former owner.</subfield>
<subfield code="5">NyNyUAW</subfield>
</datafield>
<datafield tag="740" ind1="0" ind2=" ">
<subfield code="a">Tadmor Collection.</subfield>
<subfield code="5">NyNyUAW</subfield>
</datafield>
<datafield tag="740" ind1="0" ind2=" ">
<subfield code="a">Stager Collection.</subfield>
<subfield code="5">NyNyUAW</subfield>
</datafield>
<datafield tag="776" ind1="0" ind2="8">
<subfield code="i">Online version:</subfield>
<subfield code="a">Grant, Elihu, 1873-1942.</subfield>
<subfield code="t">Ain Shems excavations (Palestine) .</subfield>
<subfield code="d">Haverford, 1931-</subfield>
<subfield code="w">(OCoLC)575541449</subfield>
</datafield>
<datafield tag="830" ind1=" " ind2="0">
<subfield code="a">Biblical and kindred studies ;</subfield>
<subfield code="v">no. 3-5.</subfield>
</datafield>
<datafield tag="830" ind1=" " ind2="0">
<subfield code="a">Biblical and kindred studies ;</subfield>
<subfield code="v">no. 7-8.</subfield>
</datafield>
<datafield tag="994" ind1=" " ind2=" ">
<subfield code="a">Z0</subfield>
<subfield code="b">ZYU</subfield>
</datafield>
<datafield tag="OWN" ind1=" " ind2=" ">
<subfield code="a">GENERAL</subfield>
</datafield>
<datafield tag="AVA" ind1=" " ind2=" ">
<subfield code="a">NYU50</subfield>
<subfield code="b">NISAW</subfield>
<subfield code="c">Oversize Collection</subfield>
<subfield code="d">DS110.B394 G725 1931 Non-circulating</subfield>
<subfield code="e">available</subfield>
<subfield code="t">Available</subfield>
<subfield code="f">4</subfield>
<subfield code="g">0</subfield>
<subfield code="h">Y</subfield>
<subfield code="i">0</subfield>
<subfield code="j">OVERZ</subfield>
<subfield code="k">0</subfield>
</datafield>
</record>