<record xmlns="http://www.loc.gov/MARC21/slim" xmlns:xsi="http://www.w3.org/2001/XMLSchema-instance" xsi:schemaLocation="http://www.loc.gov/MARC21/slim http://www.loc.gov/standards/marcxml/schema/MARC21slim.xsd">
<leader>00000cam a2200817Ia 4500</leader>
<controlfield tag="FMT">BK</controlfield>
<controlfield tag="LDR">00000cam a2200817Ia 4500</controlfield>
<controlfield tag="001">006204206</controlfield>
<controlfield tag="003">OCoLC</controlfield>
<controlfield tag="005">20180606161454.0</controlfield>
<controlfield tag="006">m        d</controlfield>
<controlfield tag="008">180606m19959999mouab    b    001 0 eng d</controlfield>
<datafield tag="016" ind1="7" ind2=" ">
<subfield code="a">001732201</subfield>
<subfield code="2">IsJJNL</subfield>
</datafield>
<datafield tag="020" ind1=" " ind2=" ">
<subfield code="a">0943549302</subfield>
<subfield code="q">(v. 1)</subfield>
</datafield>
<datafield tag="020" ind1=" " ind2=" ">
<subfield code="a">9780943549309</subfield>
<subfield code="q">(v. 1)</subfield>
</datafield>
<datafield tag="020" ind1=" " ind2=" ">
<subfield code="a">094354937X</subfield>
<subfield code="q">(v. 1 ;</subfield>
<subfield code="q">pbk.)</subfield>
</datafield>
<datafield tag="020" ind1=" " ind2=" ">
<subfield code="a">9780943549378</subfield>
<subfield code="q">(v. 1 ;</subfield>
<subfield code="q">pbk.)</subfield>
</datafield>
<datafield tag="020" ind1=" " ind2=" ">
<subfield code="a">0943549493</subfield>
<subfield code="q">(v. 2 ;</subfield>
<subfield code="q">casebound)</subfield>
</datafield>
<datafield tag="020" ind1=" " ind2=" ">
<subfield code="a">9780943549491</subfield>
<subfield code="q">(v. 2 ;</subfield>
<subfield code="q">casebound)</subfield>
</datafield>
<datafield tag="020" ind1=" " ind2=" ">
<subfield code="a">0943549485</subfield>
<subfield code="q">(v. 2 ;</subfield>
<subfield code="q">pbk.)</subfield>
</datafield>
<datafield tag="020" ind1=" " ind2=" ">
<subfield code="a">9780943549484</subfield>
<subfield code="q">(v. 2 ;</subfield>
<subfield code="q">pbk.)</subfield>
</datafield>
<datafield tag="020" ind1=" " ind2=" ">
<subfield code="a">9781931112383</subfield>
<subfield code="q">(v. 3)</subfield>
</datafield>
<datafield tag="020" ind1=" " ind2=" ">
<subfield code="a">193111238X</subfield>
<subfield code="q">(v. 3)</subfield>
</datafield>
<datafield tag="020" ind1=" " ind2=" ">
<subfield code="a">9781931112390</subfield>
<subfield code="q">(v. 3 ;</subfield>
<subfield code="q">pbk.)</subfield>
</datafield>
<datafield tag="020" ind1=" " ind2=" ">
<subfield code="a">1931112398</subfield>
<subfield code="q">(v. 3 ;</subfield>
<subfield code="q">pbk.)</subfield>
</datafield>
<datafield tag="020" ind1=" " ind2=" ">
<subfield code="a">9781931112833</subfield>
<subfield code="q">(v. 4)</subfield>
</datafield>
<datafield tag="020" ind1=" " ind2=" ">
<subfield code="a">1931112835</subfield>
<subfield code="q">(v. 4)</subfield>
</datafield>
<datafield tag="020" ind1=" " ind2=" ">
<subfield code="a">9781931112840</subfield>
<subfield code="q">(v. 4 ;</subfield>
<subfield code="q">pbk.)</subfield>
</datafield>
<datafield tag="020" ind1=" " ind2=" ">
<subfield code="a">1931112843</subfield>
<subfield code="q">(v. 4 ;</subfield>
<subfield code="q">pbk.)</subfield>
</datafield>
<datafield tag="035" ind1=" " ind2=" ">
<subfield code="a">(OCoLC)45359214</subfield>
<subfield code="z">(OCoLC)233991536</subfield>
<subfield code="z">(OCoLC)992665762</subfield>
<subfield code="z">(OCoLC)1030796350</subfield>
</datafield>
<datafield tag="040" ind1=" " ind2=" ">
<subfield code="a">GZM</subfield>
<subfield code="b">eng</subfield>
<subfield code="c">GZM</subfield>
<subfield code="d">OCLCQ</subfield>
<subfield code="d">NLGGC</subfield>
<subfield code="d">BAKER</subfield>
<subfield code="d">UBY</subfield>
<subfield code="d">YDXCP</subfield>
<subfield code="d">AU@</subfield>
<subfield code="d">J9U</subfield>
<subfield code="d">BRA</subfield>
<subfield code="d">OCLCQ</subfield>
<subfield code="d">OCLCF</subfield>
<subfield code="d">CVN</subfield>
<subfield code="d">OCLCO</subfield>
<subfield code="d">OCLCQ</subfield>
<subfield code="d">ZYU</subfield>
</datafield>
<datafield tag="043" ind1=" " ind2=" ">
<subfield code="a">a-is---</subfield>
</datafield>
<datafield tag="050" ind1="1" ind2="4">
<subfield code="a">DS110.B476</subfield>
<subfield code="b">B48 1995</subfield>
</datafield>
<datafield tag="082" ind1="0" ind2="4">
<subfield code="a">933</subfield>
<subfield code="2">20</subfield>
</datafield>
<datafield tag="084" ind1=" " ind2=" ">
<subfield code="a">11.35</subfield>
<subfield code="2">bcl</subfield>
</datafield>
<datafield tag="245" ind1="0" ind2="0">
<subfield code="a">Bethsaida :</subfield>
<subfield code="b">a city by the north shore of the Sea of Galilee /</subfield>
<subfield code="c">edited by Rami Arav and Richard A. Freund.</subfield>
</datafield>
<datafield tag="260" ind1=" " ind2=" ">
<subfield code="3">v. 1:</subfield>
<subfield code="a">Kirksville, Mo. :</subfield>
<subfield code="b">Thomas Jefferson University Press,</subfield>
<subfield code="c">1995-&lt;2009&gt;</subfield>
</datafield>
<datafield tag="260" ind1="3" ind2=" ">
<subfield code="3">v. 2-&lt;4&gt;:</subfield>
<subfield code="a">Kirksville, Mo. :</subfield>
<subfield code="b">Truman State University Press</subfield>
</datafield>
<datafield tag="300" ind1=" " ind2=" ">
<subfield code="a">volumes &lt;1-4&gt; :</subfield>
<subfield code="b">illustrations, maps ;</subfield>
<subfield code="c">23 cm +</subfield>
<subfield code="e">computer optical disc.</subfield>
</datafield>
<datafield tag="336" ind1=" " ind2=" ">
<subfield code="a">text</subfield>
<subfield code="b">txt</subfield>
<subfield code="2">rdacontent</subfield>
</datafield>
<datafield tag="337" ind1=" " ind2=" ">
<subfield code="a">unmediated</subfield>
<subfield code="b">n</subfield>
<subfield code="2">rdamedia</subfield>
</datafield>
<datafield tag="338" ind1=" " ind2=" ">
<subfield code="a">volume</subfield>
<subfield code="b">nc</subfield>
<subfield code="2">rdacarrier</subfield>
</datafield>
<datafield tag="490" ind1="1" ind2=" ">
<subfield code="a">Bethsaida Excavations Project Reports &amp; Contextual Studies ;</subfield>
<subfield code="v">volume 1-4</subfield>
</datafield>
<datafield tag="504" ind1=" " ind2=" ">
<subfield code="a">Includes bibliographical references and indexes.</subfield>
</datafield>
<datafield tag="500" ind1=" " ind2=" ">
<subfield code="a">Vol. 2- published: Truman State University Press.</subfield>
</datafield>
<datafield tag="500" ind1=" " ind2=" ">
<subfield code="a">Errata sheet ([4] p.) tipped in after p. x in vol. 1.</subfield>
</datafield>
<datafield tag="500" ind1=" " ind2=" ">
<subfield code="a">"CD-ROM with ten site maps, in both PDF and TIFF formats, attached to inside back cover"--Verso of volume 2.</subfield>
</datafield>
<datafield tag="505" ind1="1" ind2=" ">
<subfield code="a">V. 1. Part 1: Archaeology and geology of Bethsaida / Rami Arav -- Bethsaida excavations: preliminary report 1987-1993 / John F. Shoder jr. and Moshe Inbar -- Geologic and geographic background to the Bethsaida excavations / Sandra Fortner -- Hellenistic and Roman Fineware from Bethsaida / Toni Tessaro -- Hellenistic and Roman ceramic cooking ware from Bethsaida / Baruch Brandl -- An Israelite bulla in Phoenician style from Bethsaida (et-Tell) / Fred Strickert -- The coins of Philip / Part 2: Literature of Bethsaida / Rami Arav: Bethsaida, Tzer, and the fortified cities of Naphtali / John T. Greene -- Bethsaida-Julias in Roman and Jewish military strategies, 66-73 CE / Mark Appold -- The mighty works of Bethsaida: witness of the New Testament and related traditions / Heinze-Wolfgang Kuhn -- Bethsaida in the Gospels: the feeding story in Luke 9 and the Q saying in Luke 10 / John . Rousseau -- The healing of a blind man at Bethsaida / Richard A. Freund -- The search for Bethsaida in rabbinic literature.</subfield>
</datafield>
<datafield tag="651" ind1=" " ind2="0">
<subfield code="a">Bethsaida (Extinct city)</subfield>
</datafield>
<datafield tag="650" ind1=" " ind2="0">
<subfield code="a">Excavations (Archaeology)</subfield>
<subfield code="z">Israel</subfield>
<subfield code="z">Bethsaida (Extinct city)</subfield>
</datafield>
<datafield tag="630" ind1="0" ind2="0">
<subfield code="a">Bible</subfield>
<subfield code="x">Antiquities.</subfield>
</datafield>
<datafield tag="650" ind1=" " ind2="0">
<subfield code="a">Rabbinical literature</subfield>
<subfield code="x">History and criticism.</subfield>
</datafield>
<datafield tag="651" ind1=" " ind2="7">
<subfield code="a">Bethsaida.</subfield>
<subfield code="2">pleiades</subfield>
<subfield code="0">https://pleiades.stoa.org/places/678065</subfield>
</datafield>
<datafield tag="630" ind1="0" ind2="7">
<subfield code="a">Bible.</subfield>
<subfield code="2">fast</subfield>
<subfield code="0">(OCoLC)fst01356024</subfield>
</datafield>
<datafield tag="650" ind1=" " ind2="7">
<subfield code="a">Antiquities.</subfield>
<subfield code="2">fast</subfield>
<subfield code="0">(OCoLC)fst00810745</subfield>
</datafield>
<datafield tag="650" ind1=" " ind2="7">
<subfield code="a">Excavations (Archaeology)</subfield>
<subfield code="2">fast</subfield>
<subfield code="0">(OCoLC)fst00917564</subfield>
</datafield>
<datafield tag="650" ind1=" " ind2="7">
<subfield code="a">Rabbinical literature.</subfield>
<subfield code="2">fast</subfield>
<subfield code="0">(OCoLC)fst01086288</subfield>
</datafield>
<datafield tag="651" ind1=" " ind2="7">
<subfield code="a">Israel</subfield>
<subfield code="z">Bethsaida (Extinct city)</subfield>
<subfield code="2">fast</subfield>
<subfield code="0">(OCoLC)fst01897098</subfield>
</datafield>
<datafield tag="650" ind1="1" ind2="7">
<subfield code="a">Archeologische vindplaatsen.</subfield>
<subfield code="2">gtt</subfield>
</datafield>
<datafield tag="630" ind1="0" ind2="4">
<subfield code="a">Bible</subfield>
<subfield code="x">Antiquities.</subfield>
</datafield>
<datafield tag="651" ind1=" " ind2="4">
<subfield code="a">Eretz Israel</subfield>
<subfield code="x">Antiquities.</subfield>
</datafield>
<datafield tag="655" ind1=" " ind2="7">
<subfield code="a">Criticism, interpretation, etc.</subfield>
<subfield code="2">fast</subfield>
<subfield code="0">(OCoLC)fst01411635</subfield>
</datafield>
<datafield tag="700" ind1="1" ind2=" ">
<subfield code="a">Arav, Rami.</subfield>
</datafield>
<datafield tag="700" ind1="1" ind2=" ">
<subfield code="a">Freund, Richard A.</subfield>
</datafield>
<datafield tag="710" ind1="2" ind2=" ">
<subfield code="a">Bethsaida Excavations Project.</subfield>
</datafield>
<datafield tag="830" ind1=" " ind2="0">
<subfield code="a">Bethsaida Excavations Project Reports &amp; Contextual Studies ;</subfield>
<subfield code="v">v. 1-4.</subfield>
</datafield>
<datafield tag="994" ind1=" " ind2=" ">
<subfield code="a">Z0</subfield>
<subfield code="b">ZYU</subfield>
</datafield>
<datafield tag="OWN" ind1=" " ind2=" ">
<subfield code="a">GENERAL</subfield>
</datafield>
<datafield tag="AVA" ind1=" " ind2=" ">
<subfield code="a">NYU50</subfield>
<subfield code="b">NISAW</subfield>
<subfield code="c">Small Collection</subfield>
<subfield code="d">DS110.B476 B48 Non-circulating</subfield>
<subfield code="e">available</subfield>
<subfield code="t">Available</subfield>
<subfield code="f">4</subfield>
<subfield code="g">0</subfield>
<subfield code="h">Y</subfield>
<subfield code="i">0</subfield>
<subfield code="j">SMALL</subfield>
<subfield code="k">0</subfield>
</datafield>
</record>