<record xmlns="http://www.loc.gov/MARC21/slim" xmlns:xsi="http://www.w3.org/2001/XMLSchema-instance" xsi:schemaLocation="http://www.loc.gov/MARC21/slim http://www.loc.gov/standards/marcxml/schema/MARC21slim.xsd">
<leader>00000cam a2200589 i 4500</leader>
<controlfield tag="FMT">BK</controlfield>
<controlfield tag="LDR">00000cam a2200589 i 4500</controlfield>
<controlfield tag="001">004546079</controlfield>
<controlfield tag="003">OCoLC</controlfield>
<controlfield tag="005">20180620161801.0</controlfield>
<controlfield tag="008">160830m20169999inuabe   b    001 0 eng</controlfield>
<datafield tag="010" ind1=" " ind2=" ">
<subfield code="a">2016030631</subfield>
</datafield>
<datafield tag="020" ind1=" " ind2=" ">
<subfield code="a">9781575069548 (hardback : alk. paper)</subfield>
</datafield>
<datafield tag="020" ind1=" " ind2=" ">
<subfield code="a">1575069547 (hardback : alk. paper)</subfield>
</datafield>
<datafield tag="020" ind1=" " ind2=" ">
<subfield code="a">9781575069555 (hardback : alk. paper)</subfield>
</datafield>
<datafield tag="020" ind1=" " ind2=" ">
<subfield code="a">1575069555 (hardback : alk. paper)</subfield>
</datafield>
<datafield tag="020" ind1=" " ind2=" ">
<subfield code="a">9781575069579</subfield>
<subfield code="q">(part 2)</subfield>
</datafield>
<datafield tag="020" ind1=" " ind2=" ">
<subfield code="a">1575069571</subfield>
<subfield code="q">(part 2)</subfield>
</datafield>
<datafield tag="035" ind1=" " ind2=" ">
<subfield code="a">(OCoLC)957581367</subfield>
</datafield>
<datafield tag="040" ind1=" " ind2=" ">
<subfield code="a">DLC</subfield>
<subfield code="b">eng</subfield>
<subfield code="e">rda</subfield>
<subfield code="c">DLC</subfield>
<subfield code="d">OCLCF</subfield>
<subfield code="d">ZYU</subfield>
<subfield code="d">COO</subfield>
<subfield code="d">YDX</subfield>
<subfield code="d">CHVBK</subfield>
<subfield code="d">OCLCO</subfield>
<subfield code="d">DHA</subfield>
<subfield code="d">J9U</subfield>
<subfield code="d">VGM</subfield>
<subfield code="d">PAU</subfield>
<subfield code="d">CGU</subfield>
</datafield>
<datafield tag="042" ind1=" " ind2=" ">
<subfield code="a">pcc</subfield>
</datafield>
<datafield tag="043" ind1=" " ind2=" ">
<subfield code="a">a-is---</subfield>
</datafield>
<datafield tag="050" ind1="0" ind2="0">
<subfield code="a">DS110.E458</subfield>
<subfield code="b">D68 2016</subfield>
</datafield>
<datafield tag="079" ind1=" " ind2=" ">
<subfield code="a">(OCoLC)957581367</subfield>
</datafield>
<datafield tag="082" ind1="0" ind2="0">
<subfield code="a">933/.44</subfield>
<subfield code="2">23</subfield>
</datafield>
<datafield tag="100" ind1="1" ind2=" ">
<subfield code="a">Dothan, Trude,</subfield>
<subfield code="e">author.</subfield>
</datafield>
<datafield tag="245" ind1="1" ind2="0">
<subfield code="a">Tel Miqne-Ekron excavations 1985-1988, 1990, 1992-1995 :</subfield>
<subfield code="b">field IV lower--the Elite Zone /</subfield>
<subfield code="c">by Trude Dothan, Yosef Garfinkel, and Seymour Gitin ; edited by Seymour Gitin.</subfield>
</datafield>
<datafield tag="264" ind1=" " ind2="1">
<subfield code="a">Winona Lake, Indiana :</subfield>
<subfield code="b">Eisenbrauns,</subfield>
<subfield code="c">2016-</subfield>
</datafield>
<datafield tag="300" ind1=" " ind2=" ">
<subfield code="a">volumes :</subfield>
<subfield code="b">illustrations, maps, plans ;</subfield>
<subfield code="c">29 cm.</subfield>
</datafield>
<datafield tag="336" ind1=" " ind2=" ">
<subfield code="a">text</subfield>
<subfield code="b">txt</subfield>
<subfield code="2">rdacontent</subfield>
</datafield>
<datafield tag="337" ind1=" " ind2=" ">
<subfield code="a">unmediated</subfield>
<subfield code="b">n</subfield>
<subfield code="2">rdamedia</subfield>
</datafield>
<datafield tag="338" ind1=" " ind2=" ">
<subfield code="a">volume</subfield>
<subfield code="b">nc</subfield>
<subfield code="2">rdacarrier</subfield>
</datafield>
<datafield tag="490" ind1="1" ind2=" ">
<subfield code="a">Final reports of the Tel Miqne-Ekron excavations ;</subfield>
<subfield code="v">9/1, 9/2, 9/3B</subfield>
</datafield>
<datafield tag="490" ind1="1" ind2=" ">
<subfield code="a">Harvard Semitic Museum publications</subfield>
</datafield>
<datafield tag="500" ind1=" " ind2=" ">
<subfield code="a">"Part 3A: The Iron Age I and IIC early and late philistine cities database... available in digital form on the Harvard Semitic Museum website"--inserted leaf.</subfield>
</datafield>
<datafield tag="504" ind1=" " ind2=" ">
<subfield code="a">Includes bibliographical references and index.</subfield>
</datafield>
<datafield tag="505" ind1="0" ind2="0">
<subfield code="g">Part 1</subfield>
<subfield code="t">The Iron Age I early Philistine city /</subfield>
<subfield code="r">with contributions by Alexander Zukerman [and 8 others] --</subfield>
<subfield code="g">Part 2.</subfield>
<subfield code="t">The iron age IIC late Philistine city /</subfield>
<subfield code="r">by Seymour Gitin, Trude Dothan, and Yosef Garfinkel [and 9 others] --</subfield>
<subfield code="g">Part 3</subfield>
<subfield code="t">The Iron Age IIC late Philistine City /</subfield>
<subfield code="r">by Seymour Gitin, Trude Dothan and Yosef Garfinkel --</subfield>
<subfield code="g">Part 3B</subfield>
<subfield code="t">The Iron Age I and IIC early and late Philistine cities plans and sections /</subfield>
<subfield code="r">with contributions by Laura B. Mazow and J. Rosenberg.</subfield>
</datafield>
<datafield tag="500" ind1=" " ind2=" ">
<subfield code="a">ISAW copy (pt. 2) is from the library of Lawrence E. Stager.</subfield>
<subfield code="5">NyNyUAW</subfield>
</datafield>
<datafield tag="651" ind1=" " ind2="0">
<subfield code="a">Ekron (Extinct city)</subfield>
</datafield>
<datafield tag="650" ind1=" " ind2="0">
<subfield code="a">Excavations (Archaeology)</subfield>
<subfield code="z">Israel</subfield>
<subfield code="z">Ekron (Extinct city)</subfield>
</datafield>
<datafield tag="650" ind1=" " ind2="0">
<subfield code="a">Iron age</subfield>
<subfield code="z">Israel.</subfield>
</datafield>
<datafield tag="651" ind1=" " ind2="4">
<subfield code="a">Eretz Israel</subfield>
<subfield code="x">Antiquities, Biblical.</subfield>
</datafield>
<datafield tag="650" ind1=" " ind2="4">
<subfield code="a">Philistines</subfield>
<subfield code="x">Material culture.</subfield>
</datafield>
<datafield tag="651" ind1=" " ind2="7">
<subfield code="a">Ekron/Akkaron.</subfield>
<subfield code="2">pleiades</subfield>
<subfield code="0">https://pleiades.stoa.org/places/687888</subfield>
<subfield code="5">NyNyUAW</subfield>
</datafield>
<datafield tag="650" ind1=" " ind2="4">
<subfield code="a">Pottery, Ancient</subfield>
<subfield code="z">Eretz Israel.</subfield>
</datafield>
<datafield tag="650" ind1=" " ind2="7">
<subfield code="a">Excavations (Archaeology)</subfield>
<subfield code="2">fast</subfield>
<subfield code="0">(OCoLC)fst00917564</subfield>
</datafield>
<datafield tag="650" ind1=" " ind2="7">
<subfield code="a">Iron age.</subfield>
<subfield code="2">fast</subfield>
<subfield code="0">(OCoLC)fst00979145</subfield>
</datafield>
<datafield tag="651" ind1=" " ind2="7">
<subfield code="a">Israel.</subfield>
<subfield code="2">fast</subfield>
<subfield code="0">(OCoLC)fst01204236</subfield>
</datafield>
<datafield tag="651" ind1=" " ind2="7">
<subfield code="a">Israel</subfield>
<subfield code="z">Ekron (Extinct city)</subfield>
<subfield code="2">fast</subfield>
<subfield code="0">(OCoLC)fst01897140</subfield>
</datafield>
<datafield tag="700" ind1="1" ind2=" ">
<subfield code="a">Garfinkel, Yosef,</subfield>
<subfield code="e">author.</subfield>
</datafield>
<datafield tag="700" ind1="1" ind2=" ">
<subfield code="a">Gitin, Seymour,</subfield>
<subfield code="e">author,</subfield>
<subfield code="e">editor.</subfield>
</datafield>
<datafield tag="700" ind1="1" ind2=" ">
<subfield code="a">Stager, Lawrence E.,</subfield>
<subfield code="e">former owner.</subfield>
<subfield code="5">NyNyUAW</subfield>
</datafield>
<datafield tag="740" ind1="0" ind2=" ">
<subfield code="a">Stager Collection.</subfield>
<subfield code="5">NyNyUAW</subfield>
</datafield>
<datafield tag="830" ind1=" " ind2="0">
<subfield code="a">Tel Miqne-Ekron final field report series ;</subfield>
<subfield code="v">no. 9/2.</subfield>
</datafield>
<datafield tag="830" ind1=" " ind2="0">
<subfield code="a">Harvard Semitic Museum publications.</subfield>
</datafield>
<datafield tag="856" ind1="4" ind2="1">
<subfield code="a">!</subfield>
<subfield code="u">http://semiticmuseum.fas.harvard.edu/files/semitic/files/miqne-ekron_93a_-_the_iron_age_i_and_iic_early_and_late_philistine_cities_database.pdf!TheIronAgeIandIICEarlyandLatePhilistineCitiesDatabases</subfield>
</datafield>
<datafield tag="OWN" ind1=" " ind2=" ">
<subfield code="a">GENERAL</subfield>
</datafield>
<datafield tag="AVA" ind1=" " ind2=" ">
<subfield code="a">NYU50</subfield>
<subfield code="b">BOBST</subfield>
<subfield code="c">Main Collection</subfield>
<subfield code="d">DS110.E458 D68 2016</subfield>
<subfield code="e">available</subfield>
<subfield code="t">Available</subfield>
<subfield code="f">1</subfield>
<subfield code="g">0</subfield>
<subfield code="h">Y</subfield>
<subfield code="i">0</subfield>
<subfield code="j">MAIN</subfield>
<subfield code="k">0</subfield>
</datafield>
<datafield tag="AVA" ind1=" " ind2=" ">
<subfield code="a">NYU50</subfield>
<subfield code="b">NIFA</subfield>
<subfield code="c">Main Collection</subfield>
<subfield code="d">DS110.E458 D68 2016 Non-circulating</subfield>
<subfield code="e">available</subfield>
<subfield code="t">Available</subfield>
<subfield code="f">3</subfield>
<subfield code="g">0</subfield>
<subfield code="h">Y</subfield>
<subfield code="i">0</subfield>
<subfield code="j">MAIN</subfield>
<subfield code="k">0</subfield>
</datafield>
<datafield tag="AVA" ind1=" " ind2=" ">
<subfield code="a">NYU50</subfield>
<subfield code="b">NISAW</subfield>
<subfield code="c">Large Collection</subfield>
<subfield code="d">DS110.E458 D68 2016 Non-circulating</subfield>
<subfield code="e">available</subfield>
<subfield code="t">Available</subfield>
<subfield code="f">3</subfield>
<subfield code="g">0</subfield>
<subfield code="h">Y</subfield>
<subfield code="i">0</subfield>
<subfield code="j">LARGE</subfield>
<subfield code="k">0</subfield>
</datafield>
<datafield tag="AVA" ind1=" " ind2=" ">
<subfield code="a">NYU50</subfield>
<subfield code="b">WEB</subfield>
<subfield code="c">Internet Resources</subfield>
<subfield code="d">DS110.E458 D68 2016 Electronic access</subfield>
<subfield code="e">check_holdings</subfield>
<subfield code="t">Check Holdings</subfield>
<subfield code="j">GENI</subfield>
<subfield code="k">0</subfield>
</datafield>
</record>