<record xmlns="http://www.loc.gov/MARC21/slim" xmlns:xsi="http://www.w3.org/2001/XMLSchema-instance" xsi:schemaLocation="http://www.loc.gov/MARC21/slim http://www.loc.gov/standards/marcxml/schema/MARC21slim.xsd">
<leader>00000cam a22     Ii 4500</leader>
<controlfield tag="FMT">BK</controlfield>
<controlfield tag="LDR">00000cam a22     Ii 4500</controlfield>
<controlfield tag="001">006202478</controlfield>
<controlfield tag="005">20180604171240.0</controlfield>
<controlfield tag="008">180604s2018    enkabef  b    001 0 eng d</controlfield>
<datafield tag="020" ind1=" " ind2=" ">
<subfield code="a">9780198725176</subfield>
<subfield code="q">2 volume set</subfield>
</datafield>
<datafield tag="020" ind1=" " ind2=" ">
<subfield code="a">0198725175</subfield>
<subfield code="q">2 volume set</subfield>
</datafield>
<datafield tag="020" ind1=" " ind2=" ">
<subfield code="a">9780198148746</subfield>
<subfield code="q">volume 1</subfield>
</datafield>
<datafield tag="020" ind1=" " ind2=" ">
<subfield code="a">0198148747</subfield>
<subfield code="q">volume 1</subfield>
</datafield>
<datafield tag="020" ind1=" " ind2=" ">
<subfield code="a">9780198725169</subfield>
<subfield code="q">volume 2</subfield>
</datafield>
<datafield tag="020" ind1=" " ind2=" ">
<subfield code="a">0198725167</subfield>
<subfield code="q">volume 2</subfield>
</datafield>
<datafield tag="035" ind1=" " ind2=" ">
<subfield code="a">(OCoLC)1035359547</subfield>
<subfield code="z">(OCoLC)1021057468</subfield>
</datafield>
<datafield tag="040" ind1=" " ind2=" ">
<subfield code="a">HLS</subfield>
<subfield code="b">eng</subfield>
<subfield code="e">rda</subfield>
<subfield code="c">HLS</subfield>
<subfield code="d">OCLCO</subfield>
<subfield code="d">YDX</subfield>
<subfield code="d">INU</subfield>
<subfield code="d">ZYU</subfield>
</datafield>
<datafield tag="043" ind1=" " ind2=" ">
<subfield code="a">e------</subfield>
<subfield code="a">aw-----</subfield>
<subfield code="a">ff-----</subfield>
<subfield code="a">a-tu---</subfield>
</datafield>
<datafield tag="050" ind1=" " ind2="4">
<subfield code="a">DS155</subfield>
<subfield code="b">.M58 2018</subfield>
</datafield>
<datafield tag="082" ind1="0" ind2="4">
<subfield code="a">939.2</subfield>
<subfield code="2">23</subfield>
</datafield>
<datafield tag="100" ind1="1" ind2=" ">
<subfield code="a">Mitford, Timothy Bruce,</subfield>
<subfield code="e">author.</subfield>
</datafield>
<datafield tag="245" ind1="1" ind2="0">
<subfield code="a">East of Asia Minor :</subfield>
<subfield code="b">Rome's hidden frontier /</subfield>
<subfield code="c">Timothy Bruce Mitford.</subfield>
</datafield>
<datafield tag="250" ind1=" " ind2=" ">
<subfield code="a">First edition.</subfield>
</datafield>
<datafield tag="264" ind1=" " ind2="1">
<subfield code="a">Oxford :</subfield>
<subfield code="b">Oxford University Press,</subfield>
<subfield code="c">2018.</subfield>
</datafield>
<datafield tag="300" ind1=" " ind2=" ">
<subfield code="a">757</subfield>
<subfield code="b">illustrations (some color), color maps, plans ;</subfield>
<subfield code="c">29 cm</subfield>
</datafield>
<datafield tag="336" ind1=" " ind2=" ">
<subfield code="a">text</subfield>
<subfield code="b">txt</subfield>
<subfield code="2">rdacontent</subfield>
</datafield>
<datafield tag="336" ind1=" " ind2=" ">
<subfield code="a">still image</subfield>
<subfield code="b">sti</subfield>
<subfield code="2">rdacontent</subfield>
</datafield>
<datafield tag="336" ind1=" " ind2=" ">
<subfield code="a">cartographic image</subfield>
<subfield code="b">cri</subfield>
<subfield code="2">rdacontent</subfield>
</datafield>
<datafield tag="337" ind1=" " ind2=" ">
<subfield code="a">unmediated</subfield>
<subfield code="b">n</subfield>
<subfield code="2">rdamedia</subfield>
</datafield>
<datafield tag="338" ind1=" " ind2=" ">
<subfield code="a">volume</subfield>
<subfield code="b">nc</subfield>
<subfield code="2">rdacarrier</subfield>
</datafield>
<datafield tag="504" ind1=" " ind2=" ">
<subfield code="a">Includes bibliographical references (pages 621-639) and indexes.</subfield>
</datafield>
<datafield tag="520" ind1="8" ind2=" ">
<subfield code="a">The north-eastern frontier of the Roman Empire - one of the great gaps in modern knowledge of the ancient world - has long eluded research. It has defied systematic exploration and been insulated against all but passing survey by wars, instability, political sensitivities, language, and the region's wild, remote mountains, mostly accessible only on horseback or on foot. Its path lay across eastern Turkey, following the Euphrates valley northwards from Syria, through gorges and across great ranges, and passing over the Pontic Alps to reach the further shores of the Black Sea. Vespasian established Rome's frontier against Armenia half a century before Hadrian's Wall. Five times as long, and climbing seven times as high, it was garrisoned ultimately by four legions and a large auxiliary army, stationed in intermediate forts linked by military roads. The two volumes of 'East of Asia Minor: Rome's Hidden Frontier' - based on research, field work conducted largely on foot, and new discoveries - document the topography, monuments, inscriptions, and sighted coins of the frontier, looking in detail at strategic roads, bridges, forts, watch and signalling systems, and navigation of the Euphrates itself. Study of the terrain provides a foundation for interpreting the literary and epigraphic evidence for the frontier and its garrisons. Military activity, which extended to the Caucasus and the Caspian, is placed in the context of climate, geography, and inter-regional trade routes.</subfield>
<subfield code="c">Publisher.</subfield>
</datafield>
<datafield tag="651" ind1=" " ind2="0">
<subfield code="a">Turkey</subfield>
<subfield code="x">Antiquities, Roman.</subfield>
</datafield>
<datafield tag="651" ind1=" " ind2="0">
<subfield code="a">Rome</subfield>
<subfield code="x">Boundaries</subfield>
<subfield code="z">Euphrates River Valley.</subfield>
</datafield>
<datafield tag="650" ind1=" " ind2="0">
<subfield code="a">Romans</subfield>
<subfield code="z">Euphrates River Valley.</subfield>
</datafield>
<datafield tag="651" ind1=" " ind2="0">
<subfield code="a">Euphrates River Valley</subfield>
<subfield code="x">Antiquities, Roman.</subfield>
</datafield>
<datafield tag="650" ind1=" " ind2="7">
<subfield code="a">Boundaries.</subfield>
<subfield code="2">fast</subfield>
<subfield code="0">(OCoLC)fst00837076</subfield>
</datafield>
<datafield tag="650" ind1=" " ind2="7">
<subfield code="a">Classical antiquities.</subfield>
<subfield code="2">fast</subfield>
<subfield code="0">(OCoLC)fst00863445</subfield>
</datafield>
<datafield tag="650" ind1=" " ind2="7">
<subfield code="a">Romans.</subfield>
<subfield code="2">fast</subfield>
<subfield code="0">(OCoLC)fst01100116</subfield>
</datafield>
<datafield tag="651" ind1=" " ind2="7">
<subfield code="a">Middle East</subfield>
<subfield code="z">Euphrates River Valley.</subfield>
<subfield code="2">fast</subfield>
<subfield code="0">(OCoLC)fst01274204</subfield>
</datafield>
<datafield tag="651" ind1=" " ind2="7">
<subfield code="a">Rome (Empire)</subfield>
<subfield code="2">fast</subfield>
<subfield code="0">(OCoLC)fst01204885</subfield>
</datafield>
<datafield tag="651" ind1=" " ind2="7">
<subfield code="a">Turkey.</subfield>
<subfield code="2">fast</subfield>
<subfield code="0">(OCoLC)fst01208963</subfield>
</datafield>
<datafield tag="OWN" ind1=" " ind2=" ">
<subfield code="a">GENERAL</subfield>
</datafield>
<datafield tag="AVA" ind1=" " ind2=" ">
<subfield code="a">NYU50</subfield>
<subfield code="b">NISAW</subfield>
<subfield code="c">Large Collection</subfield>
<subfield code="d">DS155 .M58 2018 Non-circulating</subfield>
<subfield code="e">available</subfield>
<subfield code="t">Available</subfield>
<subfield code="f">2</subfield>
<subfield code="g">0</subfield>
<subfield code="h">Y</subfield>
<subfield code="i">0</subfield>
<subfield code="j">LARGE</subfield>
<subfield code="k">0</subfield>
</datafield>
</record>