<record xmlns="http://www.loc.gov/MARC21/slim" xmlns:xsi="http://www.w3.org/2001/XMLSchema-instance" xsi:schemaLocation="http://www.loc.gov/MARC21/slim http://www.loc.gov/standards/marcxml/schema/MARC21slim.xsd">
<leader>00000cam a22     Ii 4500</leader>
<controlfield tag="FMT">BK</controlfield>
<controlfield tag="LDR">00000cam a22     Ii 4500</controlfield>
<controlfield tag="001">006218165</controlfield>
<controlfield tag="005">20180703110358.0</controlfield>
<controlfield tag="008">180627m19651967sz a     b    001 0 fre d</controlfield>
<datafield tag="035" ind1=" " ind2=" ">
<subfield code="a">(OCoLC)1042086750</subfield>
</datafield>
<datafield tag="040" ind1=" " ind2=" ">
<subfield code="a">ZYU</subfield>
<subfield code="b">eng</subfield>
<subfield code="e">rda</subfield>
<subfield code="c">ZYU</subfield>
<subfield code="d">ZYU</subfield>
</datafield>
<datafield tag="041" ind1="1" ind2=" ">
<subfield code="a">fre</subfield>
<subfield code="h">eng</subfield>
</datafield>
<datafield tag="043" ind1=" " ind2=" ">
<subfield code="a">a-ir---</subfield>
</datafield>
<datafield tag="050" ind1=" " ind2="4">
<subfield code="a">DS261</subfield>
<subfield code="b">.H85 1965</subfield>
</datafield>
<datafield tag="245" ind1="0" ind2="0">
<subfield code="a">Iran.</subfield>
</datafield>
<datafield tag="264" ind1=" " ind2="1">
<subfield code="a">Gen&#232;ve :</subfield>
<subfield code="b">Les &#201;ditions Nagel,</subfield>
<subfield code="c">1965-1967.</subfield>
</datafield>
<datafield tag="300" ind1=" " ind2=" ">
<subfield code="a">2 volumes :</subfield>
<subfield code="b">illustrations (some color) ;</subfield>
<subfield code="c">24 cm</subfield>
</datafield>
<datafield tag="336" ind1=" " ind2=" ">
<subfield code="a">still image</subfield>
<subfield code="b">sti</subfield>
<subfield code="2">rdacontent</subfield>
</datafield>
<datafield tag="337" ind1=" " ind2=" ">
<subfield code="a">unmediated</subfield>
<subfield code="b">n</subfield>
<subfield code="2">rdamedia</subfield>
</datafield>
<datafield tag="338" ind1=" " ind2=" ">
<subfield code="a">volume</subfield>
<subfield code="b">nc</subfield>
<subfield code="2">rdacarrier</subfield>
</datafield>
<datafield tag="490" ind1="1" ind2=" ">
<subfield code="a">Archaeologia mundi.</subfield>
</datafield>
<datafield tag="546" ind1=" " ind2=" ">
<subfield code="a">Volume 2 is French translation of English.</subfield>
</datafield>
<datafield tag="504" ind1=" " ind2=" ">
<subfield code="a">Includes bibliographical references and indexes.</subfield>
</datafield>
<datafield tag="505" ind1="0" ind2="0">
<subfield code="g">v. 1.</subfield>
<subfield code="t">Des origines aux Ach&#233;m&#233;nides /</subfield>
<subfield code="r">Jean-Louis Huot --</subfield>
<subfield code="g">v. 2.</subfield>
<subfield code="t">Des S&#233;leucides aux Sassanides /</subfield>
<subfield code="r">Vladimir G. Lukonin, traduit de l'anglais par P. Aellig et J. Marcad&#233;.</subfield>
</datafield>
<datafield tag="500" ind1=" " ind2=" ">
<subfield code="a">ISAW copy is from the library of Nina Garso&#239;an.</subfield>
<subfield code="5">NyNyUAW</subfield>
</datafield>
<datafield tag="651" ind1=" " ind2="0">
<subfield code="a">Iran</subfield>
<subfield code="x">Antiquities.</subfield>
</datafield>
<datafield tag="651" ind1=" " ind2="0">
<subfield code="a">Iran</subfield>
<subfield code="x">Civilization.</subfield>
</datafield>
<datafield tag="700" ind1="1" ind2="2">
<subfield code="a">Huot, Jean-Louis.</subfield>
<subfield code="t">Iran.</subfield>
</datafield>
<datafield tag="700" ind1="1" ind2="2">
<subfield code="a">Huot, Jean-Louis.</subfield>
<subfield code="t">Des origines aux Ach&#233;m&#233;nides.</subfield>
</datafield>
<datafield tag="700" ind1="1" ind2="2">
<subfield code="a">Lukonin, Vladimir Grigor&#697;evich.</subfield>
<subfield code="t">Iran.</subfield>
</datafield>
<datafield tag="700" ind1="1" ind2="2">
<subfield code="a">Lukonin, Vladimir Grigor&#697;evich.</subfield>
<subfield code="t">Des S&#233;leucides aux Sassanides.</subfield>
</datafield>
<datafield tag="700" ind1="1" ind2=" ">
<subfield code="a">Garso&#239;an, Nina G.,</subfield>
<subfield code="d">1923-</subfield>
<subfield code="e">former owner.</subfield>
<subfield code="5">NyNyUAW</subfield>
</datafield>
<datafield tag="740" ind1="0" ind2=" ">
<subfield code="a">Garso&#239;an Collection.</subfield>
<subfield code="5">NyNyUAW</subfield>
</datafield>
<datafield tag="830" ind1=" " ind2="0">
<subfield code="a">Archaeologia mundi.</subfield>
</datafield>
<datafield tag="OWN" ind1=" " ind2=" ">
<subfield code="a">GENERAL</subfield>
</datafield>
<datafield tag="AVA" ind1=" " ind2=" ">
<subfield code="a">NYU50</subfield>
<subfield code="b">NISAW</subfield>
<subfield code="c">Small Collection</subfield>
<subfield code="d">DS261 .H85 1965 Non-circulating</subfield>
<subfield code="e">available</subfield>
<subfield code="t">Available</subfield>
<subfield code="f">2</subfield>
<subfield code="g">0</subfield>
<subfield code="h">Y</subfield>
<subfield code="i">0</subfield>
<subfield code="j">SMALL</subfield>
<subfield code="k">0</subfield>
</datafield>
</record>