<record xmlns="http://www.loc.gov/MARC21/slim" xmlns:xsi="http://www.w3.org/2001/XMLSchema-instance" xsi:schemaLocation="http://www.loc.gov/MARC21/slim http://www.loc.gov/standards/marcxml/schema/MARC21slim.xsd">
<leader>00000cam a2200433Ia 4500</leader>
<controlfield tag="FMT">BK</controlfield>
<controlfield tag="LDR">00000cam a2200433Ia 4500</controlfield>
<controlfield tag="001">006201538</controlfield>
<controlfield tag="003">OCoLC</controlfield>
<controlfield tag="005">20180601121016.0</controlfield>
<controlfield tag="008">180601t19691956enka     b    001 0 eng d</controlfield>
<datafield tag="020" ind1=" " ind2=" ">
<subfield code="a">0521058007</subfield>
</datafield>
<datafield tag="020" ind1=" " ind2=" ">
<subfield code="a">9780521058001</subfield>
</datafield>
<datafield tag="035" ind1=" " ind2=" ">
<subfield code="a">(OCoLC)19249930</subfield>
</datafield>
<datafield tag="040" ind1=" " ind2=" ">
<subfield code="a">GZA</subfield>
<subfield code="b">eng</subfield>
<subfield code="c">GZA</subfield>
<subfield code="d">OCLCQ</subfield>
<subfield code="d">OCLCG</subfield>
<subfield code="d">OCLCQ</subfield>
<subfield code="d">OCLCO</subfield>
<subfield code="d">OCLCF</subfield>
<subfield code="d">OCLCQ</subfield>
<subfield code="d">OCLCO</subfield>
<subfield code="d">OCLCQ</subfield>
<subfield code="d">MNS</subfield>
<subfield code="d">ZYU</subfield>
</datafield>
<datafield tag="041" ind1="0" ind2=" ">
<subfield code="a">eng</subfield>
<subfield code="a">chi</subfield>
</datafield>
<datafield tag="043" ind1=" " ind2=" ">
<subfield code="a">a-cc---</subfield>
</datafield>
<datafield tag="050" ind1=" " ind2="4">
<subfield code="a">DS721</subfield>
<subfield code="b">.N39 v.2</subfield>
</datafield>
<datafield tag="050" ind1=" " ind2="4">
<subfield code="a">Q127.C5</subfield>
<subfield code="b">N44x 1969</subfield>
</datafield>
<datafield tag="082" ind1="0" ind2="4">
<subfield code="a">951</subfield>
<subfield code="b">N374, v.2</subfield>
</datafield>
<datafield tag="100" ind1="1" ind2=" ">
<subfield code="a">Needham, Joseph,</subfield>
<subfield code="d">1900-1995.</subfield>
</datafield>
<datafield tag="245" ind1="1" ind2="0">
<subfield code="a">History of scientific thought /</subfield>
<subfield code="c">by Joseph Needham ; with the research assistance of Wang Ling.</subfield>
</datafield>
<datafield tag="260" ind1=" " ind2=" ">
<subfield code="a">Cambridge [England] :</subfield>
<subfield code="b">Cambridge University Press,</subfield>
<subfield code="c">1969, &#169;1956.</subfield>
</datafield>
<datafield tag="300" ind1=" " ind2=" ">
<subfield code="a">696</subfield>
<subfield code="b">illustrations ;</subfield>
<subfield code="c">26 cm.</subfield>
</datafield>
<datafield tag="336" ind1=" " ind2=" ">
<subfield code="a">text</subfield>
<subfield code="b">txt</subfield>
<subfield code="2">rdacontent</subfield>
</datafield>
<datafield tag="337" ind1=" " ind2=" ">
<subfield code="a">unmediated</subfield>
<subfield code="b">n</subfield>
<subfield code="2">rdamedia</subfield>
</datafield>
<datafield tag="338" ind1=" " ind2=" ">
<subfield code="a">volume</subfield>
<subfield code="b">nc</subfield>
<subfield code="2">rdacarrier</subfield>
</datafield>
<datafield tag="490" ind1="1" ind2=" ">
<subfield code="a">Science and civilisation in China ;</subfield>
<subfield code="v">v. 2</subfield>
</datafield>
<datafield tag="504" ind1=" " ind2=" ">
<subfield code="a">Includes bibliographical references (pages 585-653) and index.</subfield>
</datafield>
<datafield tag="650" ind1=" " ind2="0">
<subfield code="a">Science and civilization.</subfield>
</datafield>
<datafield tag="651" ind1=" " ind2="0">
<subfield code="a">China</subfield>
<subfield code="x">Civilization</subfield>
<subfield code="x">History.</subfield>
</datafield>
<datafield tag="650" ind1=" " ind2="0">
<subfield code="a">Science</subfield>
<subfield code="x">Philosophy</subfield>
<subfield code="x">History.</subfield>
</datafield>
<datafield tag="650" ind1=" " ind2="7">
<subfield code="a">Civilization.</subfield>
<subfield code="2">fast</subfield>
<subfield code="0">(OCoLC)fst00862898</subfield>
</datafield>
<datafield tag="650" ind1=" " ind2="7">
<subfield code="a">Science and civilization.</subfield>
<subfield code="2">fast</subfield>
<subfield code="0">(OCoLC)fst01108517</subfield>
</datafield>
<datafield tag="650" ind1=" " ind2="7">
<subfield code="a">Science</subfield>
<subfield code="x">Philosophy.</subfield>
<subfield code="2">fast</subfield>
<subfield code="0">(OCoLC)fst01108336</subfield>
</datafield>
<datafield tag="651" ind1=" " ind2="7">
<subfield code="a">China.</subfield>
<subfield code="2">fast</subfield>
<subfield code="0">(OCoLC)fst01206073</subfield>
</datafield>
<datafield tag="655" ind1=" " ind2="7">
<subfield code="a">History.</subfield>
<subfield code="2">fast</subfield>
<subfield code="0">(OCoLC)fst01411628</subfield>
</datafield>
<datafield tag="830" ind1=" " ind2="0">
<subfield code="a">Zhongguo zhi ke xue yu wen ming ;</subfield>
<subfield code="v">v. 2.</subfield>
</datafield>
<datafield tag="994" ind1=" " ind2=" ">
<subfield code="a">Z0</subfield>
<subfield code="b">ZYU</subfield>
</datafield>
<datafield tag="OWN" ind1=" " ind2=" ">
<subfield code="a">GENERAL</subfield>
</datafield>
<datafield tag="AVA" ind1=" " ind2=" ">
<subfield code="a">NYU50</subfield>
<subfield code="b">NISAW</subfield>
<subfield code="c">Reference 5 Collection</subfield>
<subfield code="d">DS721 .N39 v.2 1969 Non-circulating</subfield>
<subfield code="e">available</subfield>
<subfield code="t">Available</subfield>
<subfield code="f">1</subfield>
<subfield code="g">0</subfield>
<subfield code="h">N</subfield>
<subfield code="i">0</subfield>
<subfield code="j">REF5</subfield>
<subfield code="k">0</subfield>
</datafield>
</record>