<record xmlns="http://www.loc.gov/MARC21/slim" xmlns:xsi="http://www.w3.org/2001/XMLSchema-instance" xsi:schemaLocation="http://www.loc.gov/MARC21/slim http://www.loc.gov/standards/marcxml/schema/MARC21slim.xsd">
<leader>00000nam a2200517Ii 4500</leader>
<controlfield tag="FMT">BK</controlfield>
<controlfield tag="LDR">00000nam a2200517Ii 4500</controlfield>
<controlfield tag="001">006201540</controlfield>
<controlfield tag="003">OCoLC</controlfield>
<controlfield tag="005">20180601122222.0</controlfield>
<controlfield tag="008">180601t19861983ch a     b    001 0 eng d</controlfield>
<datafield tag="020" ind1=" " ind2=" ">
<subfield code="a">0521085748</subfield>
</datafield>
<datafield tag="020" ind1=" " ind2=" ">
<subfield code="a">9780521085748</subfield>
</datafield>
<datafield tag="035" ind1=" " ind2=" ">
<subfield code="a">(OCoLC)1038277633</subfield>
</datafield>
<datafield tag="040" ind1=" " ind2=" ">
<subfield code="a">ZYU</subfield>
<subfield code="b">eng</subfield>
<subfield code="e">rda</subfield>
<subfield code="c">ZYU</subfield>
</datafield>
<datafield tag="043" ind1=" " ind2=" ">
<subfield code="a">a-cc---</subfield>
</datafield>
<datafield tag="050" ind1=" " ind2="4">
<subfield code="a">DS721</subfield>
<subfield code="b">.N39 v.5:pt.5</subfield>
</datafield>
<datafield tag="100" ind1="1" ind2=" ">
<subfield code="a">Needham, Joseph,</subfield>
<subfield code="d">1900-1995,</subfield>
<subfield code="e">author.</subfield>
</datafield>
<datafield tag="245" ind1="1" ind2="0">
<subfield code="a">Spagyrical discovery and invention :</subfield>
<subfield code="b">physiological alchemy /</subfield>
<subfield code="c">by Joseph Needham with the collaboration of Lu Gwei-Djen.</subfield>
</datafield>
<datafield tag="264" ind1=" " ind2="1">
<subfield code="a">Taipei :</subfield>
<subfield code="b">Caves Books, Ltd.,</subfield>
<subfield code="c">1986.</subfield>
</datafield>
<datafield tag="264" ind1=" " ind2="4">
<subfield code="c">&#169;1983</subfield>
</datafield>
<datafield tag="300" ind1=" " ind2=" ">
<subfield code="a">574</subfield>
<subfield code="b">illustrations ;</subfield>
<subfield code="c">26 cm.</subfield>
</datafield>
<datafield tag="336" ind1=" " ind2=" ">
<subfield code="a">text</subfield>
<subfield code="b">txt</subfield>
<subfield code="2">rdacontent</subfield>
</datafield>
<datafield tag="337" ind1=" " ind2=" ">
<subfield code="a">unmediated</subfield>
<subfield code="b">n</subfield>
<subfield code="2">rdamedia</subfield>
</datafield>
<datafield tag="338" ind1=" " ind2=" ">
<subfield code="a">volume</subfield>
<subfield code="b">nc</subfield>
<subfield code="2">rdacarrier</subfield>
</datafield>
<datafield tag="490" ind1="1" ind2=" ">
<subfield code="a">Science and civilisation in China / Joseph Needham, v. 5. Chemistry and chemical technology ;</subfield>
<subfield code="v">pt. 5</subfield>
</datafield>
<datafield tag="500" ind1=" " ind2=" ">
<subfield code="a">Section 33 cont.</subfield>
</datafield>
<datafield tag="504" ind1=" " ind2=" ">
<subfield code="a">Includes bibliographical references (pages 338-513) and index.</subfield>
</datafield>
<datafield tag="500" ind1=" " ind2=" ">
<subfield code="a">"This edition ... is published by arrangement with Cambridge University Press. Licensed for sale in Taiwan only"--page vi.</subfield>
</datafield>
<datafield tag="650" ind1=" " ind2="0">
<subfield code="a">Medicine, Magic, mystic, and spagiric</subfield>
<subfield code="z">China</subfield>
<subfield code="x">History.</subfield>
</datafield>
<datafield tag="650" ind1=" " ind2="0">
<subfield code="a">Alchemy</subfield>
<subfield code="z">China</subfield>
<subfield code="x">History.</subfield>
</datafield>
<datafield tag="650" ind1=" " ind2="0">
<subfield code="a">Science</subfield>
<subfield code="z">China</subfield>
<subfield code="x">History.</subfield>
</datafield>
<datafield tag="650" ind1=" " ind2="0">
<subfield code="a">Technology</subfield>
<subfield code="z">China</subfield>
<subfield code="x">History.</subfield>
</datafield>
<datafield tag="650" ind1=" " ind2="0">
<subfield code="a">Science and civilization.</subfield>
</datafield>
<datafield tag="650" ind1=" " ind2="0">
<subfield code="a">Technology and civilization.</subfield>
</datafield>
<datafield tag="650" ind1=" " ind2="1">
<subfield code="a">Technology</subfield>
<subfield code="z">China</subfield>
<subfield code="x">History.</subfield>
</datafield>
<datafield tag="650" ind1=" " ind2="7">
<subfield code="a">Alchemy.</subfield>
<subfield code="2">fast</subfield>
<subfield code="0">(OCoLC)fst00804245</subfield>
</datafield>
<datafield tag="650" ind1=" " ind2="7">
<subfield code="a">Medicine, Magic, mystic, and spagiric.</subfield>
<subfield code="2">fast</subfield>
<subfield code="0">(OCoLC)fst01015272</subfield>
</datafield>
<datafield tag="650" ind1=" " ind2="7">
<subfield code="a">Science.</subfield>
<subfield code="2">fast</subfield>
<subfield code="0">(OCoLC)fst01108176</subfield>
</datafield>
<datafield tag="650" ind1=" " ind2="7">
<subfield code="a">Science and civilization.</subfield>
<subfield code="2">fast</subfield>
<subfield code="0">(OCoLC)fst01108517</subfield>
</datafield>
<datafield tag="650" ind1=" " ind2="7">
<subfield code="a">Technology.</subfield>
<subfield code="2">fast</subfield>
<subfield code="0">(OCoLC)fst01145078</subfield>
</datafield>
<datafield tag="650" ind1=" " ind2="7">
<subfield code="a">Technology and civilization.</subfield>
<subfield code="2">fast</subfield>
<subfield code="0">(OCoLC)fst01145253</subfield>
</datafield>
<datafield tag="651" ind1=" " ind2="7">
<subfield code="a">China.</subfield>
<subfield code="2">fast</subfield>
<subfield code="0">(OCoLC)fst01206073</subfield>
</datafield>
<datafield tag="655" ind1=" " ind2="7">
<subfield code="a">History.</subfield>
<subfield code="2">fast</subfield>
<subfield code="0">(OCoLC)fst01411628</subfield>
</datafield>
<datafield tag="700" ind1="1" ind2=" ">
<subfield code="a">Lu, Gwei-Djen,</subfield>
<subfield code="e">author.</subfield>
</datafield>
<datafield tag="830" ind1=" " ind2="0">
<subfield code="a">Zhongguo zhi ke xue yu wen ming ;</subfield>
<subfield code="v">v. 5, pt. 5.</subfield>
</datafield>
<datafield tag="994" ind1=" " ind2=" ">
<subfield code="a">Z0</subfield>
<subfield code="b">ZYU</subfield>
</datafield>
<datafield tag="OWN" ind1=" " ind2=" ">
<subfield code="a">GENERAL</subfield>
</datafield>
<datafield tag="AVA" ind1=" " ind2=" ">
<subfield code="a">NYU50</subfield>
<subfield code="b">NISAW</subfield>
<subfield code="c">Reference 5 Collection</subfield>
<subfield code="d">DS721 .N39 v.5:pt.5 1986 Non-circulating</subfield>
<subfield code="e">available</subfield>
<subfield code="t">Available</subfield>
<subfield code="f">1</subfield>
<subfield code="g">0</subfield>
<subfield code="h">N</subfield>
<subfield code="i">0</subfield>
<subfield code="j">REF5</subfield>
<subfield code="k">0</subfield>
</datafield>
</record>