<record xmlns="http://www.loc.gov/MARC21/slim" xmlns:xsi="http://www.w3.org/2001/XMLSchema-instance" xsi:schemaLocation="http://www.loc.gov/MARC21/slim http://www.loc.gov/standards/marcxml/schema/MARC21slim.xsd">
<leader>00000cam a22      i 4500</leader>
<controlfield tag="FMT">BK</controlfield>
<controlfield tag="LDR">00000cam a22      i 4500</controlfield>
<controlfield tag="001">006204167</controlfield>
<controlfield tag="005">20180606144642.0</controlfield>
<controlfield tag="008">180606t20162016inuab    b    101 0 eng</controlfield>
<datafield tag="010" ind1=" " ind2=" ">
<subfield code="a">  2016449471</subfield>
</datafield>
<datafield tag="020" ind1=" " ind2=" ">
<subfield code="a">9780253022448</subfield>
<subfield code="q">(hardcover)</subfield>
</datafield>
<datafield tag="020" ind1=" " ind2=" ">
<subfield code="a">0253022444</subfield>
</datafield>
<datafield tag="020" ind1=" " ind2=" ">
<subfield code="z">9780253022561</subfield>
<subfield code="q">(ebook)</subfield>
</datafield>
<datafield tag="035" ind1=" " ind2=" ">
<subfield code="a">(OCoLC)933437838</subfield>
</datafield>
<datafield tag="040" ind1=" " ind2=" ">
<subfield code="a">YDXCP</subfield>
<subfield code="b">eng</subfield>
<subfield code="e">rda</subfield>
<subfield code="c">DLC</subfield>
<subfield code="d">YDXCP</subfield>
<subfield code="d">BTCTA</subfield>
<subfield code="d">BDX</subfield>
<subfield code="d">CDX</subfield>
<subfield code="d">FDA</subfield>
<subfield code="d">OCLCF</subfield>
<subfield code="d">OCLCO</subfield>
<subfield code="d">IUL</subfield>
<subfield code="d">OCLCQ</subfield>
<subfield code="d">ZYU</subfield>
</datafield>
<datafield tag="042" ind1=" " ind2=" ">
<subfield code="a">lccopycat</subfield>
</datafield>
<datafield tag="050" ind1="0" ind2="0">
<subfield code="a">G103.5</subfield>
<subfield code="b">.P53 2016</subfield>
</datafield>
<datafield tag="082" ind1="0" ind2="4">
<subfield code="a">910.3</subfield>
<subfield code="2">23</subfield>
</datafield>
<datafield tag="245" ind1="0" ind2="0">
<subfield code="a">Placing names :</subfield>
<subfield code="b">enriching and integrating gazetteers /</subfield>
<subfield code="c">edited by Merrick Lex Berman, Ruth Mostern, and Humphrey Southall.</subfield>
</datafield>
<datafield tag="264" ind1=" " ind2="1">
<subfield code="a">Bloomington :</subfield>
<subfield code="b">Indiana University Press,</subfield>
<subfield code="c">[2016]</subfield>
</datafield>
<datafield tag="264" ind1=" " ind2="4">
<subfield code="c">&#169;2016</subfield>
</datafield>
<datafield tag="300" ind1=" " ind2=" ">
<subfield code="a">265</subfield>
<subfield code="b">illustrations, maps ;</subfield>
<subfield code="c">24 cm.</subfield>
</datafield>
<datafield tag="336" ind1=" " ind2=" ">
<subfield code="a">text</subfield>
<subfield code="b">txt</subfield>
<subfield code="2">rdacontent</subfield>
</datafield>
<datafield tag="337" ind1=" " ind2=" ">
<subfield code="a">unmediated</subfield>
<subfield code="b">n</subfield>
<subfield code="2">rdamedia</subfield>
</datafield>
<datafield tag="338" ind1=" " ind2=" ">
<subfield code="a">volume</subfield>
<subfield code="b">nc</subfield>
<subfield code="2">rdacarrier</subfield>
</datafield>
<datafield tag="490" ind1="1" ind2=" ">
<subfield code="a">The spatial humanities</subfield>
</datafield>
<datafield tag="500" ind1=" " ind2=" ">
<subfield code="a">Most papers in this volume originate from a conference on "Gazetteers for Space-Time System Integration" held at the 2010 Annual Meeting of the Association of American Geographers.</subfield>
</datafield>
<datafield tag="504" ind1=" " ind2=" ">
<subfield code="a">Includes bibliographical references (pages 231-249) and index.</subfield>
</datafield>
<datafield tag="505" ind1="0" ind2="0">
<subfield code="g">What is a gazetteer?</subfield>
<subfield code="t">Gazetteers past :</subfield>
<subfield code="t">placing names from antiquity to the internet /</subfield>
<subfield code="r">Ruth Mostern and Humphrey Southall --</subfield>
<subfield code="t">Gazetteers present :</subfield>
<subfield code="t">spatial science and volunteered geographical information /</subfield>
<subfield code="r">Michael F. Goodchild --</subfield>
<subfield code="t">Gazetteers global :</subfield>
<subfield code="t">United Nations geographical name standardization /</subfield>
<subfield code="r">Helen Kerfoot --</subfield>
<subfield code="t">Gazetteers enriched :</subfield>
<subfield code="t">a conceptual basis for linking gazetteers with other kinds of information /</subfield>
<subfield code="r">Ryan Shaw --</subfield>
<subfield code="g">Using gazetteers in combination.</subfield>
<subfield code="t">International standards for gazetteer data structures /</subfield>
<subfield code="r">Raj Singh --</subfield>
<subfield code="t">Place, period, and setting for linked data gazetteers /</subfield>
<subfield code="r">Karl Grossner, Krzysztof Janowicz, and Carsten Kessler --</subfield>
<subfield code="t">The Pleiades gazetteer and the Pelagios Project /</subfield>
<subfield code="r">Rainer Simon, Leif Isaksen, Elton Barker, and Pau de Soto Ca&#241;amares --</subfield>
<subfield code="t">Historical gazetteer system integration : CHGIS, Regnum Francorum, and GeoNames /</subfield>
<subfield code="r">Merrick Lex Berman, Johan &#197;hlfeldt, and Marc Wick --</subfield>
<subfield code="g">Exemplars.</subfield>
<subfield code="t">Building a gazetteer for early modern London, 1550-1650 /</subfield>
<subfield code="r">Janelle Jenstad --</subfield>
<subfield code="t">Digitally exposing the place names of England and Wales /</subfield>
<subfield code="r">Paul Ell, Lorna Hughes, and Humphrey Southall --</subfield>
<subfield code="t">Standardizing names nationally :</subfield>
<subfield code="t">the work of the US Board on Geographic Names /</subfield>
<subfield code="r">Michael R. Fourneir --</subfield>
<subfield code="t">The Yeosi Project :</subfield>
<subfield code="t">finding a place in northeast Asia through history /</subfield>
<subfield code="r">Youcheol Kim, Byungnam Yoon, Jonghyuk Kim, and Hyunjong Kim --</subfield>
<subfield code="g">Doing history with gazetteers.</subfield>
<subfield code="t">Mapping religious geographies in Chinese Muslim society /</subfield>
<subfield code="r">Mark Henderson and Karl Ryavec --</subfield>
<subfield code="t">Core-periphery structure of the Nobi region, central Japan, with reference to the work of G. William Skinner /</subfield>
<subfield code="r">Tsunetoshi Mizoguchi --</subfield>
<subfield code="t">Gazetteer GIS and the study of Taiwan local society and its transition /</subfield>
<subfield code="r">Pi-ling Pai and I-Chun Fan.</subfield>
</datafield>
<datafield tag="520" ind1=" " ind2=" ">
<subfield code="a">"Well before the innovation of maps, gazetteers served as the main geographic referencing system for hundreds of years. Consisting of a specialized index of place names, gazetteers traditionally linked descriptive elements with topographic features and coordinates. Placing Names is inspired by that tradition of discursive place-making and by contemporary approaches to digital data management that have revived the gazetteer and guided its development in recent decades. Adopted by researchers in the Digital Humanities and Spatial Sciences, gazetteers provide a way to model the kind of complex cultural, vernacular, and perspectival ideas of place that can be located in texts and expanded into an interconnected framework of naming history. This volume brings together leading and emergent scholars to examine the history of the gazetteer, its important role in geographic information science, and its use to further the reach and impact of spatial reasoning into the digital age"--</subfield>
<subfield code="c">Cover, page 4.</subfield>
</datafield>
<datafield tag="650" ind1=" " ind2="0">
<subfield code="a">Gazetteers</subfield>
<subfield code="x">History</subfield>
<subfield code="v">Congresses.</subfield>
</datafield>
<datafield tag="650" ind1=" " ind2="7">
<subfield code="a">Gazetteers.</subfield>
<subfield code="2">fast</subfield>
<subfield code="0">(OCoLC)fst00939355</subfield>
</datafield>
<datafield tag="655" ind1=" " ind2="7">
<subfield code="a">History.</subfield>
<subfield code="2">fast</subfield>
<subfield code="0">(OCoLC)fst01411628</subfield>
</datafield>
<datafield tag="700" ind1="1" ind2=" ">
<subfield code="a">Berman, Merrick Lex,</subfield>
<subfield code="e">editor.</subfield>
</datafield>
<datafield tag="700" ind1="1" ind2=" ">
<subfield code="a">Mostern, Ruth,</subfield>
<subfield code="d">1967-</subfield>
<subfield code="e">editor.</subfield>
</datafield>
<datafield tag="700" ind1="1" ind2=" ">
<subfield code="a">Southall, Humphrey,</subfield>
<subfield code="e">editor.</subfield>
</datafield>
<datafield tag="830" ind1=" " ind2="0">
<subfield code="a">Spatial humanities (Indiana University Press)</subfield>
</datafield>
<datafield tag="OWN" ind1=" " ind2=" ">
<subfield code="a">GENERAL</subfield>
</datafield>
<datafield tag="AVA" ind1=" " ind2=" ">
<subfield code="a">NYU50</subfield>
<subfield code="b">NISAW</subfield>
<subfield code="c">Small Collection</subfield>
<subfield code="d">G103.5 .P53 2016 Non-circulating</subfield>
<subfield code="e">available</subfield>
<subfield code="t">Available</subfield>
<subfield code="f">1</subfield>
<subfield code="g">0</subfield>
<subfield code="h">N</subfield>
<subfield code="i">0</subfield>
<subfield code="j">SMALL</subfield>
<subfield code="k">0</subfield>
</datafield>
</record>