<record xmlns="http://www.loc.gov/MARC21/slim" xmlns:xsi="http://www.w3.org/2001/XMLSchema-instance" xsi:schemaLocation="http://www.loc.gov/MARC21/slim http://www.loc.gov/standards/marcxml/schema/MARC21slim.xsd">
<leader>00000cam a22-----Ii 4500</leader>
<controlfield tag="FMT">BK</controlfield>
<controlfield tag="LDR">00000cam a22-----Ii 4500</controlfield>
<controlfield tag="001">006206939</controlfield>
<controlfield tag="005">20180613135324.0</controlfield>
<controlfield tag="008">180613s2016    ru ao    b    010 0 rus d</controlfield>
<datafield tag="020" ind1=" " ind2=" ">
<subfield code="a">9785780302650</subfield>
</datafield>
<datafield tag="020" ind1=" " ind2=" ">
<subfield code="a">5780302650</subfield>
</datafield>
<datafield tag="035" ind1=" " ind2=" ">
<subfield code="a">(OCoLC)1019644455</subfield>
</datafield>
<datafield tag="040" ind1=" " ind2=" ">
<subfield code="a">EVIEW</subfield>
<subfield code="b">eng</subfield>
<subfield code="e">rda</subfield>
<subfield code="c">EVIEW</subfield>
<subfield code="d">ZYU</subfield>
</datafield>
<datafield tag="041" ind1="1" ind2=" ">
<subfield code="a">rus</subfield>
<subfield code="b">eng</subfield>
</datafield>
<datafield tag="043" ind1=" " ind2=" ">
<subfield code="a">e-ru---</subfield>
<subfield code="a">me-----</subfield>
</datafield>
<datafield tag="050" ind1=" " ind2="4">
<subfield code="a">GN772.22.R9</subfield>
<subfield code="b">A37 2016</subfield>
</datafield>
<datafield tag="245" ind1="0" ind2="0">
<subfield code="6">880-01</subfield>
<subfield code="a">Alta&#301; v krugu evrazi&#301;skikh drevnoste&#301; =</subfield>
<subfield code="b">Altai among the Eurasian antiquities /</subfield>
<subfield code="c">Otvetstvennye redaktory: akademik RAN A.P. Derevi&#865;anko, akademik RAN V.I. Molodin.</subfield>
</datafield>
<datafield tag="246" ind1="3" ind2="1">
<subfield code="6">880-02</subfield>
<subfield code="a">Alta&#301; v krugu evrazii?skikh drevnoste&#301;</subfield>
</datafield>
<datafield tag="246" ind1="3" ind2="1">
<subfield code="a">Altai among the Eurasian antiquities</subfield>
</datafield>
<datafield tag="264" ind1=" " ind2="1">
<subfield code="6">880-03</subfield>
<subfield code="a">Novosibirsk :</subfield>
<subfield code="b">Institut arkheologii i &#279;tnografii SO RAN,</subfield>
<subfield code="c">2016.</subfield>
</datafield>
<datafield tag="300" ind1=" " ind2=" ">
<subfield code="a">622 pages :</subfield>
<subfield code="b">illustrations ;</subfield>
<subfield code="c">25 cm</subfield>
</datafield>
<datafield tag="336" ind1=" " ind2=" ">
<subfield code="a">text</subfield>
<subfield code="b">txt</subfield>
<subfield code="2">rdacontent</subfield>
</datafield>
<datafield tag="337" ind1=" " ind2=" ">
<subfield code="a">unmediated</subfield>
<subfield code="b">n</subfield>
<subfield code="2">rdamedia</subfield>
</datafield>
<datafield tag="338" ind1=" " ind2=" ">
<subfield code="a">volume</subfield>
<subfield code="b">nc</subfield>
<subfield code="2">rdacarrier</subfield>
</datafield>
<datafield tag="500" ind1=" " ind2=" ">
<subfield code="a">Added T. page and table of content in English.</subfield>
</datafield>
<datafield tag="500" ind1=" " ind2=" ">
<subfield code="6">880-04</subfield>
<subfield code="a">"Nauchnoe izdanie"--Colophon.</subfield>
</datafield>
<datafield tag="504" ind1=" " ind2=" ">
<subfield code="a">Includes bibliographical references (pages 577-610).</subfield>
</datafield>
<datafield tag="650" ind1=" " ind2="0">
<subfield code="a">Paleolithic period</subfield>
<subfield code="z">Russia (Federation)</subfield>
<subfield code="z">Alta&#301; (Republic)</subfield>
</datafield>
<datafield tag="650" ind1=" " ind2="0">
<subfield code="a">Excavations (Archaeology)</subfield>
<subfield code="z">Russia (Federation)</subfield>
<subfield code="z">Alta&#301; (Republic)</subfield>
</datafield>
<datafield tag="651" ind1=" " ind2="0">
<subfield code="a">Alta&#301; (Russia : Republic)</subfield>
<subfield code="x">Antiquities.</subfield>
</datafield>
<datafield tag="650" ind1=" " ind2="0">
<subfield code="a">Paleolithic period</subfield>
<subfield code="z">Eurasia.</subfield>
</datafield>
<datafield tag="651" ind1=" " ind2="0">
<subfield code="a">Eurasia</subfield>
<subfield code="x">Antiquities.</subfield>
</datafield>
<datafield tag="600" ind1="1" ind2="0">
<subfield code="a">Kubarev, V.D.</subfield>
<subfield code="q">(Vladimier Dmitrievich).</subfield>
</datafield>
<datafield tag="700" ind1="1" ind2=" ">
<subfield code="6">880-05</subfield>
<subfield code="a">Derevi&#865;anko, A. P.</subfield>
<subfield code="q">(Anatoli&#301; Panteleevich),</subfield>
<subfield code="e">editor.</subfield>
</datafield>
<datafield tag="700" ind1="1" ind2=" ">
<subfield code="6">880-06</subfield>
<subfield code="a">Kubarev, V. D.</subfield>
<subfield code="q">(Vladimir Dmitrievich),</subfield>
<subfield code="e">honouree.</subfield>
</datafield>
<datafield tag="700" ind1="1" ind2=" ">
<subfield code="6">880-07</subfield>
<subfield code="a">Molodin, V. I.</subfield>
<subfield code="q">(Vi&#865;acheslav Ivanovich),</subfield>
<subfield code="d">1948-</subfield>
<subfield code="e">editor.</subfield>
</datafield>
<datafield tag="880" ind1="0" ind2="0">
<subfield code="6">245-01/</subfield>
<subfield code="a">&#1040;&#1083;&#1090;&#1072;&#1081; &#1074; &#1082;&#1088;&#1091;&#1075;&#1091; &#1077;&#1074;&#1088;&#1072;&#1079;&#1080;&#1081;&#1089;&#1082;&#1080;&#1093; &#1076;&#1088;&#1077;&#1074;&#1085;&#1086;&#1089;&#1090;&#1077;&#1081; =</subfield>
<subfield code="b">Altai among the Eurasian antiquities /</subfield>
<subfield code="c">&#1054;&#1090;&#1074;&#1077;&#1090;&#1089;&#1090;&#1074;&#1077;&#1085;&#1085;&#1099;&#1077; &#1088;&#1077;&#1076;&#1072;&#1082;&#1090;&#1086;&#1088;&#1099;: &#1072;&#1082;&#1072;&#1076;&#1077;&#1084;&#1080;&#1082; &#1056;&#1040;&#1053; &#1040;.&#1055;. &#1044;&#1077;&#1088;&#1077;&#1074;&#1103;&#1085;&#1082;&#1086;, &#1072;&#1082;&#1072;&#1076;&#1077;&#1084;&#1080;&#1082; &#1056;&#1040;&#1053; &#1042;.&#1048;. &#1052;&#1086;&#1083;&#1086;&#1076;&#1080;&#1085;.</subfield>
</datafield>
<datafield tag="880" ind1="3" ind2="1">
<subfield code="6">246-02/</subfield>
<subfield code="a">&#1040;&#1083;&#1090;&#1072;&#1081; &#1074; &#1082;&#1088;&#1091;&#1075;&#1091; &#1077;&#1074;&#1088;&#1072;&#1079;&#1080;&#1081;&#1089;&#1082;&#1080;&#1093; &#1076;&#1088;&#1077;&#1074;&#1085;&#1086;&#1089;&#1090;&#1077;&#1081;</subfield>
</datafield>
<datafield tag="880" ind1=" " ind2="1">
<subfield code="6">264-03/</subfield>
<subfield code="a">&#1053;&#1086;&#1074;&#1086;&#1089;&#1080;&#1073;&#1080;&#1088;&#1089;&#1082; :</subfield>
<subfield code="b">&#1048;&#1085;&#1089;&#1090;&#1080;&#1090;&#1091;&#1090; &#1072;&#1088;&#1093;&#1077;&#1086;&#1083;&#1086;&#1075;&#1080;&#1080; &#1080; &#1101;&#1090;&#1085;&#1086;&#1075;&#1088;&#1072;&#1092;&#1080;&#1080; &#1057;&#1054; &#1056;&#1040;&#1053;,</subfield>
<subfield code="c">2016.</subfield>
</datafield>
<datafield tag="880" ind1=" " ind2=" ">
<subfield code="6">500-04/</subfield>
<subfield code="a">"&#1053;&#1072;&#1091;&#1095;&#1085;&#1086;&#1077; &#1080;&#1079;&#1076;&#1072;&#1085;&#1080;&#1077;"--Colophon.</subfield>
</datafield>
<datafield tag="880" ind1="1" ind2=" ">
<subfield code="6">700-05/</subfield>
<subfield code="a">&#1044;&#1077;&#1088;&#1077;&#1074;&#1103;&#1085;&#1082;&#1086;, &#1040;. &#1055;.</subfield>
<subfield code="q">(&#1040;&#1085;&#1072;&#1090;&#1086;&#1083;&#1080;&#1081; &#1055;&#1072;&#1085;&#1090;&#1077;&#1083;&#1077;&#1077;&#1074;&#1080;&#1095;),</subfield>
<subfield code="e">&#1077;ditor.</subfield>
</datafield>
<datafield tag="880" ind1="1" ind2=" ">
<subfield code="6">700-06/</subfield>
<subfield code="a">&#1050;&#1091;&#1073;&#1072;&#1088;&#1077;&#1074;, &#1042;. &#1044;.</subfield>
<subfield code="q">(&#1042;&#1083;&#1072;&#1076;&#1080;&#1084;&#1080;&#1088; &#1044;&#1084;&#1080;&#1090;&#1088;&#1080;&#1077;&#1074;&#1080;&#1095;),</subfield>
<subfield code="e">honouree.</subfield>
</datafield>
<datafield tag="880" ind1="1" ind2=" ">
<subfield code="6">700-07/</subfield>
<subfield code="a">&#1052;&#1086;&#1083;&#1086;&#1076;&#1080;&#1085;, &#1042;. &#1048;.</subfield>
<subfield code="q">(&#1042;&#1103;&#1095;&#1077;&#1089;&#1083;&#1072;&#1074; &#1048;&#1074;&#1072;&#1085;&#1086;&#1074;&#1080;&#1095;),</subfield>
<subfield code="d">1948-</subfield>
<subfield code="e">&#1077;ditor.</subfield>
</datafield>
<datafield tag="OWN" ind1=" " ind2=" ">
<subfield code="a">GENERAL</subfield>
</datafield>
<datafield tag="AVA" ind1=" " ind2=" ">
<subfield code="a">NYU50</subfield>
<subfield code="b">NISAW</subfield>
<subfield code="c">Small Collection</subfield>
<subfield code="d">GN772.22.R9 A37 2016 Non-circulating</subfield>
<subfield code="e">available</subfield>
<subfield code="t">Available</subfield>
<subfield code="f">1</subfield>
<subfield code="g">0</subfield>
<subfield code="h">N</subfield>
<subfield code="i">0</subfield>
<subfield code="j">SMALL</subfield>
<subfield code="k">0</subfield>
</datafield>
</record>