<record xmlns="http://www.loc.gov/MARC21/slim" xmlns:xsi="http://www.w3.org/2001/XMLSchema-instance" xsi:schemaLocation="http://www.loc.gov/MARC21/slim http://www.loc.gov/standards/marcxml/schema/MARC21slim.xsd">
<leader>00000cam a22006734a 4500</leader>
<controlfield tag="FMT">BK</controlfield>
<controlfield tag="LDR">00000cam a22006734a 4500</controlfield>
<controlfield tag="001">004217457</controlfield>
<controlfield tag="003">OCoLC</controlfield>
<controlfield tag="005">20180607113544.0</controlfield>
<controlfield tag="008">151216m20019999ru ab    b    000 0 rus</controlfield>
<datafield tag="010" ind1=" " ind2=" ">
<subfield code="a">2002389952</subfield>
</datafield>
<datafield tag="020" ind1=" " ind2=" ">
<subfield code="a">5780300658</subfield>
<subfield code="q">(t. 1)</subfield>
</datafield>
<datafield tag="020" ind1=" " ind2=" ">
<subfield code="a">9785780300656</subfield>
<subfield code="q">(t. 1)</subfield>
</datafield>
<datafield tag="020" ind1=" " ind2=" ">
<subfield code="a">9785780302278</subfield>
<subfield code="q">(t. 3)</subfield>
</datafield>
<datafield tag="020" ind1=" " ind2=" ">
<subfield code="a">5780302278</subfield>
<subfield code="q">(t. 3)</subfield>
</datafield>
<datafield tag="020" ind1=" " ind2=" ">
<subfield code="a">578030128X</subfield>
<subfield code="q">(t. 2)</subfield>
</datafield>
<datafield tag="020" ind1=" " ind2=" ">
<subfield code="a">9785780301288</subfield>
<subfield code="q">(t. 2)</subfield>
</datafield>
<datafield tag="035" ind1=" " ind2=" ">
<subfield code="a">(OCoLC)50479401</subfield>
</datafield>
<datafield tag="040" ind1=" " ind2=" ">
<subfield code="a">DLC</subfield>
<subfield code="b">eng</subfield>
<subfield code="c">DLC</subfield>
<subfield code="d">YUS</subfield>
<subfield code="d">CUD</subfield>
<subfield code="d">OCLCF</subfield>
<subfield code="d">OCLCQ</subfield>
<subfield code="d">NNU</subfield>
</datafield>
<datafield tag="042" ind1=" " ind2=" ">
<subfield code="a">pcc</subfield>
</datafield>
<datafield tag="043" ind1=" " ind2=" ">
<subfield code="a">e-ru---</subfield>
</datafield>
<datafield tag="050" ind1="0" ind2="0">
<subfield code="a">GN776.22.R9</subfield>
<subfield code="b">M645 2001</subfield>
</datafield>
<datafield tag="100" ind1="1" ind2=" ">
<subfield code="6">880-01</subfield>
<subfield code="a">Molodin, V. I.</subfield>
<subfield code="q">(Vi&#865;acheslav Ivanovich),</subfield>
<subfield code="d">1948-</subfield>
</datafield>
<datafield tag="245" ind1="1" ind2="0">
<subfield code="6">880-02</subfield>
<subfield code="a">Pami&#865;atnik Sopka-2 na reke Omi /</subfield>
<subfield code="c">V.I. Molodin ; otvetstvenny&#301; redaktor A.P. Derevi&#865;anko.</subfield>
</datafield>
<datafield tag="246" ind1="1" ind2="5">
<subfield code="a">Sopka-2 site on the Om River bank</subfield>
</datafield>
<datafield tag="260" ind1=" " ind2=" ">
<subfield code="6">880-03</subfield>
<subfield code="a">Novosibirsk :</subfield>
<subfield code="b">Izd-vo Instituta arkheologii i &#279;tnografii SO RAN,</subfield>
<subfield code="c">2001-</subfield>
</datafield>
<datafield tag="300" ind1=" " ind2=" ">
<subfield code="a">volumes :</subfield>
<subfield code="b">illustrations (some color), maps ;</subfield>
<subfield code="c">29 cm</subfield>
</datafield>
<datafield tag="336" ind1=" " ind2=" ">
<subfield code="a">text</subfield>
<subfield code="b">txt</subfield>
<subfield code="2">rdacontent</subfield>
</datafield>
<datafield tag="337" ind1=" " ind2=" ">
<subfield code="a">unmediated</subfield>
<subfield code="b">n</subfield>
<subfield code="2">rdamedia</subfield>
</datafield>
<datafield tag="338" ind1=" " ind2=" ">
<subfield code="a">volume</subfield>
<subfield code="b">nc</subfield>
<subfield code="2">rdacarrier</subfield>
</datafield>
<datafield tag="500" ind1=" " ind2=" ">
<subfield code="6">880-04</subfield>
<subfield code="a">At head of title, v. 1-3 : Rossi&#301;skai&#865;a akademii&#865;a nauk. Sibirskoe otdelenie. Institut arkheologii i &#279;tnografii.</subfield>
</datafield>
<datafield tag="500" ind1=" " ind2=" ">
<subfield code="6">880-05</subfield>
<subfield code="a">"Nauchnoe izdanie"--Colophon.</subfield>
</datafield>
<datafield tag="500" ind1=" " ind2=" ">
<subfield code="a">Vol. 1 and 3 has one fold. leaf of plates inserted, v. 2 has two.</subfield>
</datafield>
<datafield tag="504" ind1=" " ind2=" ">
<subfield code="a">Includes bibliographical references.</subfield>
</datafield>
<datafield tag="505" ind1="1" ind2="0">
<subfield code="6">880-06</subfield>
<subfield code="g">t. 1.</subfield>
<subfield code="t">Kul&#697;turno-khronologicheski&#301; analiz pogrebal&#697;nykh kompleksov &#279;pokhi neolita i rannego metalla --</subfield>
<subfield code="g">t. 2.</subfield>
<subfield code="t">Kul&#697;turno-khronologicheski&#301; analiz pogrebal&#697;nykh kompleksov &#279;pokhi srednevekov&#697;i&#865;a --</subfield>
<subfield code="g">t. 3.</subfield>
<subfield code="t">Kul&#697;turno-khronologicheski&#301; analiz pogrebal&#697;nykh kompleksov odinovsko&#301; kul&#697;tury --</subfield>
<subfield code="g">t. 4.</subfield>
<subfield code="t">Kul&#697;turno-khronologicheski&#301; analiz pogrebal&#697;nykh kompleksov krotovsko&#301; kul&#697;tury.</subfield>
</datafield>
<datafield tag="651" ind1=" " ind2="0">
<subfield code="a">Sopka-2 Site (Russia)</subfield>
</datafield>
<datafield tag="650" ind1=" " ind2="0">
<subfield code="a">Neolithic period</subfield>
<subfield code="z">Russia (Federation)</subfield>
<subfield code="z">Baraba Lowland.</subfield>
</datafield>
<datafield tag="650" ind1=" " ind2="0">
<subfield code="a">Bronze age</subfield>
<subfield code="z">Russia (Federation)</subfield>
<subfield code="z">Baraba Lowland.</subfield>
</datafield>
<datafield tag="651" ind1=" " ind2="0">
<subfield code="a">Baraba Lowland (Russia)</subfield>
<subfield code="x">Antiquities.</subfield>
</datafield>
<datafield tag="650" ind1=" " ind2="0">
<subfield code="a">Antiquities, Prehistoric</subfield>
<subfield code="z">Russia (Federation)</subfield>
<subfield code="z">Baraba Lowland.</subfield>
</datafield>
<datafield tag="650" ind1=" " ind2="0">
<subfield code="a">Excavations (Archaeology)</subfield>
<subfield code="z">Russia (Federation)</subfield>
<subfield code="z">Baraba Lowland.</subfield>
</datafield>
<datafield tag="651" ind1=" " ind2="7">
<subfield code="a">Sopka-2.</subfield>
<subfield code="2">pleiades</subfield>
<subfield code="0">https://pleiades.stoa.org/places/127640904</subfield>
<subfield code="5">NyNyUAW</subfield>
</datafield>
<datafield tag="700" ind1="1" ind2=" ">
<subfield code="6">880-06</subfield>
<subfield code="a">Derevi&#865;anko, A. P.</subfield>
<subfield code="q">(Anatoli&#301; Panteleevich)</subfield>
</datafield>
<datafield tag="776" ind1="0" ind2="8">
<subfield code="i">Online version:</subfield>
<subfield code="a">Molodin, Vi&#865;acheslav Ivanovich.</subfield>
<subfield code="t">Pami&#865;atnik Sopka-2 na reke Omi.</subfield>
<subfield code="d">Novosibirsk : Izd-vo Instituta arkheologii i &#279;tnografii SO RAN, 2001-</subfield>
<subfield code="w">(OCoLC)609306486</subfield>
</datafield>
<datafield tag="880" ind1="1" ind2=" ">
<subfield code="6">100-01/</subfield>
<subfield code="a">&#1052;&#1086;&#1083;&#1086;&#1076;&#1080;&#1085;, &#1042;. &#1048;.</subfield>
<subfield code="q">(&#1042;&#1103;&#1095;&#1077;&#1089;&#1083;&#1072;&#1074; &#1048;&#1074;&#1072;&#1085;&#1086;&#1074;&#1080;&#1095;),</subfield>
<subfield code="d">1948-</subfield>
</datafield>
<datafield tag="880" ind1="1" ind2="0">
<subfield code="6">245-02/</subfield>
<subfield code="a">&#1055;&#1072;&#1084;&#1103;&#1090;&#1085;&#1080;&#1082; &#1057;&#1086;&#1087;&#1082;&#1072;-2 &#1085;&#1072; &#1088;&#1077;&#1082;&#1077; &#1054;&#1084;&#1080; /</subfield>
<subfield code="c">&#1042;.&#1048;. &#1052;&#1086;&#1083;&#1086;&#1076;&#1080;&#1085; ; &#1086;&#1090;&#1074;&#1077;&#1090;&#1089;&#1090;&#1074;&#1077;&#1085;&#1085;&#1099;&#1081; &#1088;&#1077;&#1076;&#1072;&#1082;&#1090;&#1086;&#1088; A.&#1055;. &#1044;&#1077;&#1088;&#1077;&#1074;&#1103;&#1085;&#1082;&#1086;.</subfield>
</datafield>
<datafield tag="880" ind1=" " ind2=" ">
<subfield code="6">260-03/</subfield>
<subfield code="a">&#1053;&#1086;&#1074;&#1086;&#1089;&#1080;&#1073;&#1080;&#1088;&#1089;&#1082; :</subfield>
<subfield code="b">&#1048;&#1079;&#1076;-&#1074;o &#1048;&#1085;&#1089;&#1090;&#1080;&#1090;&#1091;&#1090;&#1072; &#1072;&#1088;&#1093;&#1077;&#1086;&#1083;&#1086;&#1075;&#1080;&#1080; &#1080; &#1101;&#1090;&#1085;&#1086;&#1075;&#1088;&#1072;&#1092;&#1080;&#1080; &#1057;O &#1056;AN,</subfield>
<subfield code="c">2001-</subfield>
</datafield>
<datafield tag="880" ind1=" " ind2=" ">
<subfield code="6">500-04/</subfield>
<subfield code="a">At head of title, v. 1-3 : &#1056;&#1086;&#1089;&#1089;&#1080;&#1081;&#1089;&#1082;&#1072;&#1103; &#1072;&#1082;&#1072;&#1076;&#1077;&#1084;&#1080;&#1103; &#1085;&#1072;&#1091;&#1082;. &#1057;&#1080;&#1073;&#1080;&#1088;&#1089;&#1082;&#1086;&#1077; &#1086;&#1090;&#1076;&#1077;&#1083;&#1077;&#1085;&#1080;&#1077;. &#1048;&#1085;&#1089;&#1090;&#1080;&#1090;&#1091;&#1090; &#1072;&#1088;&#1093;&#1077;&#1086;&#1083;&#1086;&#1075;&#1080;&#1080; &#1080; &#1101;&#1090;&#1085;&#1086;&#1075;&#1088;&#1072;&#1092;&#1080;&#1080;.</subfield>
</datafield>
<datafield tag="880" ind1=" " ind2=" ">
<subfield code="6">500-05/</subfield>
<subfield code="a">"&#1053;&#1072;&#1091;&#1095;&#1085;&#1086;&#1077; &#1080;&#1079;&#1076;&#1072;&#1085;&#1080;&#1077;"--Colophon.</subfield>
</datafield>
<datafield tag="880" ind1="1" ind2="0">
<subfield code="6">505-06/</subfield>
<subfield code="g">&#1058;. 1.</subfield>
<subfield code="t">&#1050;&#1091;&#1083;&#1100;&#1090;&#1091;&#1088;&#1085;&#1086;-&#1093;&#1088;&#1086;&#1085;&#1086;&#1083;&#1086;&#1075;&#1080;&#1095;&#1077;&#1089;&#1082;&#1080;&#1081; &#1072;&#1085;&#1072;&#1083;&#1080;&#1079; &#1087;&#1086;&#1075;&#1088;&#1077;&#1073;&#1072;&#1083;&#1100;&#1085;&#1099;&#1093; &#1082;&#1086;&#1084;&#1087;&#1083;&#1077;&#1082;&#1089;&#1086;&#1074; &#1101;&#1087;&#1086;&#1093;&#1080; &#1085;&#1077;&#1086;&#1083;&#1080;&#1090;&#1072; &#1080; &#1088;&#1072;&#1085;&#1085;&#1077;&#1075;&#1086; &#1084;&#1077;&#1090;&#1072;&#1083;&#1083;&#1072; --</subfield>
<subfield code="g">&#1090;. 2. &#450;t &#1050;&#1091;&#1083;&#1100;&#1090;&#1091;&#1088;&#1085;&#1086;-&#1093;&#1088;&#1086;&#1085;&#1086;&#1083;&#1086;&#1075;&#1080;&#1095;&#1077;&#1089;&#1082;&#1080;&#1081; &#1072;&#1085;&#1072;&#1083;&#1080;&#1079; &#1087;&#1086;&#1075;&#1088;&#1077;&#1073;&#1072;&#1083;&#1100;&#1085;&#1099;&#1093; &#1082;&#1086;&#1084;&#1087;&#1083;&#1077;&#1082;&#1089;&#1086;&#1074; &#1101;&#1087;&#1086;&#1093;&#1080; &#1089;&#1088;&#1077;&#1076;&#1085;&#1077;&#1074;&#1077;&#1082;&#1086;&#1074;&#1100;&#1103; -- &#450;g &#1090;. 3. &#450;t &#1050;&#1091;&#1083;&#1100;&#1090;&#1091;&#1088;&#1085;&#1086;-&#1093;&#1088;&#1086;&#1085;&#1086;&#1083;&#1086;&#1075;&#1080;&#1095;&#1077;&#1089;&#1082;&#1080;&#1081; &#1072;&#1085;&#1072;&#1083;&#1080;&#1079; &#1087;&#1086;&#1075;&#1088;&#1077;&#1073;&#1072;&#1083;&#1100;&#1085;&#1099;&#1093; &#1082;&#1086;&#1084;&#1087;&#1083;&#1077;&#1082;&#1089;&#1086;&#1074; &#1086;&#1076;&#1080;&#1085;&#1086;&#1074;&#1089;&#1082;&#1086;&#1081; &#1082;&#1091;&#1083;&#1100;&#1090;&#1091;&#1088;&#1099; -- &#450;g &#1090;. 4. &#450;t &#1050;&#1091;&#1083;&#1100;&#1090;&#1091;&#1088;&#1085;&#1086;-&#1093;&#1088;&#1086;&#1085;&#1086;&#1083;&#1086;&#1075;&#1080;&#1095;&#1077;&#1089;&#1082;&#1080;&#1081; &#1072;&#1085;&#1072;&#1083;&#1080;&#1079; &#1087;&#1086;&#1075;&#1088;&#1077;&#1073;&#1072;&#1083;&#1100;&#1085;&#1099;&#1093; &#1082;&#1086;&#1084;&#1087;&#1083;&#1077;&#1082;&#1089;&#1086;&#1074; &#1082;&#1088;&#1086;&#1090;&#1086;&#1074;&#1089;&#1082;&#1086;&#1081; &#1082;&#1091;&#1083;'&#1090;&#1091;&#1088;&#1099;.</subfield>
</datafield>
<datafield tag="880" ind1="1" ind2=" ">
<subfield code="6">700-06/</subfield>
<subfield code="a">&#1044;&#1077;&#1088;&#1077;&#1074;&#1103;&#1085;&#1082;&#1086;, A. &#1055;.</subfield>
<subfield code="q">(A&#1085;&#1072;&#1090;&#1086;&#1083;&#1080;&#1081; &#1055;&#1072;&#1085;&#1090;&#1077;&#1083;&#1077;&#1077;&#1074;&#1080;&#1095;)</subfield>
</datafield>
<datafield tag="994" ind1=" " ind2=" ">
<subfield code="a">Z0</subfield>
<subfield code="b">ZYU</subfield>
</datafield>
<datafield tag="OWN" ind1=" " ind2=" ">
<subfield code="a">GENERAL</subfield>
</datafield>
<datafield tag="AVA" ind1=" " ind2=" ">
<subfield code="a">NYU50</subfield>
<subfield code="b">NISAW</subfield>
<subfield code="c">Large Collection</subfield>
<subfield code="d">GN776.22.R9 M645 Non-circulating</subfield>
<subfield code="e">available</subfield>
<subfield code="t">Available</subfield>
<subfield code="f">2</subfield>
<subfield code="g">0</subfield>
<subfield code="h">Y</subfield>
<subfield code="i">0</subfield>
<subfield code="j">LARGE</subfield>
<subfield code="k">0</subfield>
</datafield>
</record>