<record xmlns="http://www.loc.gov/MARC21/slim" xmlns:xsi="http://www.w3.org/2001/XMLSchema-instance" xsi:schemaLocation="http://www.loc.gov/MARC21/slim http://www.loc.gov/standards/marcxml/schema/MARC21slim.xsd">
<leader>00000cam a22     Ii 4500</leader>
<controlfield tag="FMT">BK</controlfield>
<controlfield tag="LDR">00000cam a22     Ii 4500</controlfield>
<controlfield tag="001">006214737</controlfield>
<controlfield tag="005">20180620090409.0</controlfield>
<controlfield tag="008">180620t20172017gw abef  b    000 0 ger d</controlfield>
<datafield tag="020" ind1=" " ind2=" ">
<subfield code="a">9783774941199</subfield>
<subfield code="q">(hd.bd.)</subfield>
</datafield>
<datafield tag="020" ind1=" " ind2=" ">
<subfield code="a">377494119X</subfield>
</datafield>
<datafield tag="024" ind1="3" ind2=" ">
<subfield code="a">9783774941199</subfield>
</datafield>
<datafield tag="035" ind1=" " ind2=" ">
<subfield code="a">(OCoLC)1017080941</subfield>
</datafield>
<datafield tag="040" ind1=" " ind2=" ">
<subfield code="a">OHX</subfield>
<subfield code="b">eng</subfield>
<subfield code="e">rda</subfield>
<subfield code="c">OHX</subfield>
<subfield code="d">OCLCO</subfield>
<subfield code="d">HLS</subfield>
<subfield code="d">OCLCO</subfield>
<subfield code="d">ZYU</subfield>
</datafield>
<datafield tag="043" ind1=" " ind2=" ">
<subfield code="a">e-urr--</subfield>
</datafield>
<datafield tag="050" ind1=" " ind2="4">
<subfield code="a">GN778.22.R9</subfield>
<subfield code="b">R45 2017</subfield>
</datafield>
<datafield tag="072" ind1=" " ind2="7">
<subfield code="a">GN</subfield>
<subfield code="2">lcco</subfield>
</datafield>
<datafield tag="100" ind1="1" ind2=" ">
<subfield code="a">Reinhold, Sabine,</subfield>
<subfield code="e">author.</subfield>
</datafield>
<datafield tag="245" ind1="1" ind2="0">
<subfield code="a">Landschaftsarch&#228;ologie im Nordkaukasus :</subfield>
<subfield code="b">Studien zu einer neu entdeckten bronzezeitlichen Kulturlandschaft im Hochgebirge des Nordkaukasus /</subfield>
<subfield code="c">Sabine Reinhold, Dmitrij S. Korobov, Andrej B. Belinskij ; mit Beitr&#228;gen von Ekatarina E. Antipina [and 6 others].</subfield>
</datafield>
<datafield tag="264" ind1=" " ind2="1">
<subfield code="a">Bonn :</subfield>
<subfield code="b">Habelt-Verlag,</subfield>
<subfield code="c">[2017].</subfield>
</datafield>
<datafield tag="264" ind1=" " ind2="4">
<subfield code="c">&#169;2017</subfield>
</datafield>
<datafield tag="300" ind1=" " ind2=" ">
<subfield code="a">453</subfield>
<subfield code="b">illustrations (chiefly color), maps, plans ;</subfield>
<subfield code="c">31 cm.</subfield>
</datafield>
<datafield tag="336" ind1=" " ind2=" ">
<subfield code="a">text</subfield>
<subfield code="b">txt</subfield>
<subfield code="2">rdacontent</subfield>
</datafield>
<datafield tag="336" ind1=" " ind2=" ">
<subfield code="a">still image</subfield>
<subfield code="b">sti</subfield>
<subfield code="2">rdacontent</subfield>
</datafield>
<datafield tag="337" ind1=" " ind2=" ">
<subfield code="a">unmediated</subfield>
<subfield code="b">n</subfield>
<subfield code="2">rdamedia</subfield>
</datafield>
<datafield tag="338" ind1=" " ind2=" ">
<subfield code="a">volume</subfield>
<subfield code="b">nc</subfield>
<subfield code="2">rdacarrier</subfield>
</datafield>
<datafield tag="490" ind1="1" ind2=" ">
<subfield code="a">Arch&#228;ologie in Eurasien,</subfield>
<subfield code="x">0949-2410 ;</subfield>
<subfield code="v">Band 38</subfield>
</datafield>
<datafield tag="504" ind1=" " ind2=" ">
<subfield code="a">Includes bibliographical references.</subfield>
</datafield>
<datafield tag="651" ind1=" " ind2="0">
<subfield code="a">Caucasus, Northern (Russia)</subfield>
<subfield code="x">Antiquities.</subfield>
</datafield>
<datafield tag="650" ind1=" " ind2="0">
<subfield code="a">Excavations (Archaeology)</subfield>
<subfield code="z">Russia (Federation)</subfield>
<subfield code="z">Caucasus, Northern.</subfield>
</datafield>
<datafield tag="650" ind1=" " ind2="0">
<subfield code="a">Landscape archaeology</subfield>
<subfield code="z">Russia (Federation)</subfield>
<subfield code="z">Caucasus, Northern.</subfield>
</datafield>
<datafield tag="650" ind1=" " ind2="0">
<subfield code="a">Bronze age</subfield>
<subfield code="z">Russia (Federation)</subfield>
<subfield code="z">Caucasus, Northern.</subfield>
</datafield>
<datafield tag="700" ind1="1" ind2=" ">
<subfield code="a">Korobov, D. S.</subfield>
<subfield code="q">(Dmitri&#301; Sergeevich),</subfield>
<subfield code="e">author.</subfield>
</datafield>
<datafield tag="700" ind1="1" ind2=" ">
<subfield code="a">Belinski&#301;, A. B.,</subfield>
<subfield code="e">author.</subfield>
</datafield>
<datafield tag="700" ind1="1" ind2=" ">
<subfield code="a">Antipina, Ekatarina E.,</subfield>
<subfield code="e">author.</subfield>
</datafield>
<datafield tag="830" ind1=" " ind2="0">
<subfield code="a">Arch&#228;ologie in Eurasien ;</subfield>
<subfield code="v">Band 38.</subfield>
<subfield code="x">0949-2410</subfield>
</datafield>
<datafield tag="OWN" ind1=" " ind2=" ">
<subfield code="a">GENERAL</subfield>
</datafield>
<datafield tag="AVA" ind1=" " ind2=" ">
<subfield code="a">NYU50</subfield>
<subfield code="b">NISAW</subfield>
<subfield code="c">Large Collection</subfield>
<subfield code="d">GN778.22.R9 R45 2017 Non-circulating</subfield>
<subfield code="e">available</subfield>
<subfield code="t">Available</subfield>
<subfield code="f">1</subfield>
<subfield code="g">0</subfield>
<subfield code="h">N</subfield>
<subfield code="i">0</subfield>
<subfield code="j">LARGE</subfield>
<subfield code="k">0</subfield>
</datafield>
</record>