<record xmlns="http://www.loc.gov/MARC21/slim" xmlns:xsi="http://www.w3.org/2001/XMLSchema-instance" xsi:schemaLocation="http://www.loc.gov/MARC21/slim http://www.loc.gov/standards/marcxml/schema/MARC21slim.xsd">
<leader>00000cam a2200421Ii 4500</leader>
<controlfield tag="FMT">BK</controlfield>
<controlfield tag="LDR">00000cam a2200421Ii 4500</controlfield>
<controlfield tag="001">006207714</controlfield>
<controlfield tag="003">OCoLC</controlfield>
<controlfield tag="005">20180709131527.0</controlfield>
<controlfield tag="008">961211s1974    ru ab    b    000 0 rus d</controlfield>
<datafield tag="035" ind1=" " ind2=" ">
<subfield code="a">(OCoLC)79357581</subfield>
</datafield>
<datafield tag="040" ind1=" " ind2=" ">
<subfield code="a">HLS</subfield>
<subfield code="b">eng</subfield>
<subfield code="c">HLS</subfield>
<subfield code="d">OCLCG</subfield>
<subfield code="d">OCLCF</subfield>
<subfield code="d">OCLCO</subfield>
<subfield code="d">OCLCQ</subfield>
<subfield code="d">ZYU</subfield>
</datafield>
<datafield tag="043" ind1=" " ind2=" ">
<subfield code="a">e-ru---</subfield>
<subfield code="a">e-urk--</subfield>
</datafield>
<datafield tag="050" ind1=" " ind2="4">
<subfield code="a">GN790</subfield>
<subfield code="b">.M363 1974</subfield>
</datafield>
<datafield tag="100" ind1="1" ind2=" ">
<subfield code="6">880-01</subfield>
<subfield code="a">Markovin, V. I.</subfield>
<subfield code="q">(Vladimir Ivanovich),</subfield>
<subfield code="e">author.</subfield>
</datafield>
<datafield tag="245" ind1="1" ind2="0">
<subfield code="6">880-02</subfield>
<subfield code="a">Dol&#697;mennai&#865;a kul&#697;tura i voprosy rannego &#279;tnogeneza abkhazo-adygov /</subfield>
<subfield code="c">V.I. Markovin.</subfield>
</datafield>
<datafield tag="260" ind1=" " ind2=" ">
<subfield code="6">880-03</subfield>
<subfield code="a">Nal&#697;chik :</subfield>
<subfield code="b">&#278;l&#697;brus,</subfield>
<subfield code="c">1974.</subfield>
</datafield>
<datafield tag="300" ind1=" " ind2=" ">
<subfield code="a">51 pages :</subfield>
<subfield code="b">illustrations, folded map,</subfield>
<subfield code="c">26 cm</subfield>
</datafield>
<datafield tag="336" ind1=" " ind2=" ">
<subfield code="a">text</subfield>
<subfield code="b">txt</subfield>
<subfield code="2">rdacontent</subfield>
</datafield>
<datafield tag="337" ind1=" " ind2=" ">
<subfield code="a">unmediated</subfield>
<subfield code="b">n</subfield>
<subfield code="2">rdamedia</subfield>
</datafield>
<datafield tag="338" ind1=" " ind2=" ">
<subfield code="a">volume</subfield>
<subfield code="b">nc</subfield>
<subfield code="2">rdacarrier</subfield>
</datafield>
<datafield tag="500" ind1=" " ind2=" ">
<subfield code="a">ISAW copy is from the library of Aleksandr Leskov.</subfield>
<subfield code="5">NyNyUAW</subfield>
</datafield>
<datafield tag="500" ind1=" " ind2=" ">
<subfield code="6">880-04</subfield>
<subfield code="a">At head of title: Kabardino-Balkarski&#301; nauchno-issledovatel&#697;ski&#301; institut pri Sovete Ministrov KBASSR.</subfield>
</datafield>
<datafield tag="504" ind1=" " ind2=" ">
<subfield code="a">Includes bibliographical references.</subfield>
</datafield>
<datafield tag="650" ind1=" " ind2="0">
<subfield code="a">Dolmens</subfield>
<subfield code="z">Russia (Federation)</subfield>
<subfield code="z">Krasnodarski&#301; kra&#301;.</subfield>
</datafield>
<datafield tag="650" ind1=" " ind2="0">
<subfield code="a">Dolmens</subfield>
<subfield code="z">Caucasus.</subfield>
</datafield>
<datafield tag="651" ind1=" " ind2="0">
<subfield code="a">Krasnodarski&#301; kra&#301; (Russia)</subfield>
<subfield code="x">Antiquities.</subfield>
</datafield>
<datafield tag="651" ind1=" " ind2="0">
<subfield code="a">Caucasus</subfield>
<subfield code="x">Antiquities.</subfield>
</datafield>
<datafield tag="650" ind1=" " ind2="0">
<subfield code="a">Adygei.</subfield>
</datafield>
<datafield tag="650" ind1=" " ind2="0">
<subfield code="a">Abkhazians.</subfield>
</datafield>
<datafield tag="650" ind1=" " ind2="7">
<subfield code="a">Abkhazians.</subfield>
<subfield code="2">fast</subfield>
<subfield code="0">(OCoLC)fst00794440</subfield>
</datafield>
<datafield tag="650" ind1=" " ind2="7">
<subfield code="a">Adygei.</subfield>
<subfield code="2">fast</subfield>
<subfield code="0">(OCoLC)fst00797985</subfield>
</datafield>
<datafield tag="650" ind1=" " ind2="7">
<subfield code="a">Dolmens.</subfield>
<subfield code="2">fast</subfield>
<subfield code="0">(OCoLC)fst00896487</subfield>
</datafield>
<datafield tag="700" ind1="1" ind2=" ">
<subfield code="a">Leskov, Aleksandr Mikha&#301;lovich,</subfield>
<subfield code="e">former owner.</subfield>
<subfield code="5">NyNyUAW</subfield>
</datafield>
<datafield tag="740" ind1="0" ind2=" ">
<subfield code="a">Leskov Collection.</subfield>
<subfield code="5">NyNyUAW</subfield>
</datafield>
<datafield tag="710" ind1="2" ind2=" ">
<subfield code="6">880-05</subfield>
<subfield code="a">Kabardino-Balkarski&#301; nauchno-issledovatel&#697;ski&#301; institut istorii, filologii i &#279;konomiki pri Sovete Ministrov KBASSR,</subfield>
<subfield code="e">issuing body.</subfield>
</datafield>
<datafield tag="880" ind1="1" ind2=" ">
<subfield code="6">100-01/</subfield>
<subfield code="a">&#1052;&#1072;&#1088;&#1082;&#1086;&#1074;&#1080;&#1085;, &#1042;. &#1048;.</subfield>
<subfield code="q">(&#1042;&#1083;&#1072;&#1076;&#1080;&#1084;&#1080;&#1088; &#1048;&#1074;&#1072;&#1085;&#1086;&#1074;&#1080;&#1095;),</subfield>
<subfield code="e">author.</subfield>
</datafield>
<datafield tag="880" ind1="1" ind2="0">
<subfield code="6">245-02/</subfield>
<subfield code="a">&#1044;&#1086;&#1083;&#1100;&#1084;&#1077;&#1085;&#1085;&#1072;&#1103; &#1082;&#1091;&#1083;&#1100;&#1090;&#1091;&#1088;&#1072; &#1080; &#1074;&#1086;&#1087;&#1088;&#1086;&#1089;&#1099; &#1088;&#1072;&#1085;&#1085;&#1077;&#1075;&#1086; &#1101;&#1090;&#1085;&#1086;&#1075;&#1077;&#1085;&#1077;&#1079;&#1072; &#1072;&#1073;&#1093;&#1072;&#1079;&#1086;-&#1072;&#1076;&#1099;&#1075;&#1086;&#1074; /</subfield>
<subfield code="c">&#1042;.&#1048;. &#1052;&#1072;&#1088;&#1082;&#1086;&#1074;&#1080;&#1085;.</subfield>
</datafield>
<datafield tag="880" ind1=" " ind2=" ">
<subfield code="6">260-03/</subfield>
<subfield code="a">&#1053;&#1072;&#1083;&#1100;&#1095;&#1080;&#1082; :</subfield>
<subfield code="b">&#1069;&#1083;&#1100;&#1073;&#1088;&#1091;&#1089;,</subfield>
<subfield code="c">1974.</subfield>
</datafield>
<datafield tag="880" ind1=" " ind2=" ">
<subfield code="6">500-04/</subfield>
<subfield code="a">&#1040;t head of title: &#1050;&#1072;&#1073;&#1072;&#1088;&#1076;&#1080;&#1085;&#1086;-&#1041;&#1072;&#1083;&#1082;&#1072;&#1088;&#1089;&#1082;&#1080;&#1081; &#1085;&#1072;&#1091;&#1095;&#1085;&#1086;-&#1080;&#1089;&#1089;&#1083;&#1077;&#1076;&#1086;&#1074;&#1072;&#1090;&#1077;&#1083;&#1100;&#1089;&#1082;&#1080;&#1081; &#1080;&#1085;&#1089;&#1090;&#1080;&#1090;&#1091;&#1090; &#1087;&#1088;&#1080; &#1057;&#1086;&#1074;&#1077;&#1090;&#1077; &#1052;&#1080;&#1085;&#1080;&#1089;&#1090;&#1088;&#1086;&#1074; &#1050;&#1041;&#1040;&#1057;&#1057;&#1056;.</subfield>
</datafield>
<datafield tag="880" ind1="2" ind2=" ">
<subfield code="6">710-05/</subfield>
<subfield code="a">&#1050;&#1072;&#1073;&#1072;&#1088;&#1076;&#1080;&#1085;&#1086;-&#1041;&#1072;&#1083;&#1082;&#1072;&#1088;&#1089;&#1082;&#1080;&#1081; &#1085;&#1072;&#1091;&#1095;&#1085;&#1086;-&#1080;&#1089;&#1089;&#1083;&#1077;&#1076;&#1086;&#1074;&#1072;&#1090;&#1077;&#1083;&#1100;&#1089;&#1082;&#1080;&#1081; &#1080;&#1085;&#1089;&#1090;&#1080;&#1090;&#1091;&#1090; &#1080;&#1089;&#1090;&#1086;&#1088;&#1080;&#1080;, &#1092;&#1080;&#1083;&#1086;&#1083;&#1086;&#1075;&#1080;&#1080; &#1080; &#1101;&#1082;&#1086;&#1085;&#1086;&#1084;&#1080;&#1082;&#1080; &#1087;&#1088;&#1080; &#1057;&#1086;&#1074;&#1077;&#1090;&#1077; &#1052;&#1080;&#1085;&#1080;&#1089;&#1090;&#1088;&#1086;&#1074; &#1050;&#1041;&#1040;&#1057;&#1057;&#1056;,</subfield>
<subfield code="e">issuing body.</subfield>
</datafield>
<datafield tag="OWN" ind1=" " ind2=" ">
<subfield code="a">GENERAL</subfield>
</datafield>
<datafield tag="AVA" ind1=" " ind2=" ">
<subfield code="a">NYU50</subfield>
<subfield code="b">NISAW</subfield>
<subfield code="c">Small Collection</subfield>
<subfield code="d">GN790 .M363 1974 Non-circulating</subfield>
<subfield code="e">unavailable</subfield>
<subfield code="t">Unavailable</subfield>
<subfield code="f">1</subfield>
<subfield code="g">1</subfield>
<subfield code="h">N</subfield>
<subfield code="i">0</subfield>
<subfield code="j">SMALL</subfield>
<subfield code="k">0</subfield>
</datafield>
</record>