<record xmlns="http://www.loc.gov/MARC21/slim" xmlns:xsi="http://www.w3.org/2001/XMLSchema-instance" xsi:schemaLocation="http://www.loc.gov/MARC21/slim http://www.loc.gov/standards/marcxml/schema/MARC21slim.xsd">
<leader>00000cam a22     Ia 4500</leader>
<controlfield tag="FMT">BK</controlfield>
<controlfield tag="LDR">00000cam a22     Ia 4500</controlfield>
<controlfield tag="001">006205790</controlfield>
<controlfield tag="005">20180611140351.0</controlfield>
<controlfield tag="008">180611s1962    ru a     b    000 0 rus d</controlfield>
<datafield tag="010" ind1=" " ind2=" ">
<subfield code="a">   62067276</subfield>
</datafield>
<datafield tag="035" ind1=" " ind2=" ">
<subfield code="a">(OCoLC)23267288</subfield>
<subfield code="z">(OCoLC)8540378</subfield>
</datafield>
<datafield tag="040" ind1=" " ind2=" ">
<subfield code="a">NYP</subfield>
<subfield code="b">eng</subfield>
<subfield code="c">NYP</subfield>
<subfield code="d">GZM</subfield>
<subfield code="d">OCLCQ</subfield>
<subfield code="d">OCLCG</subfield>
<subfield code="d">EYM</subfield>
<subfield code="d">OCLCQ</subfield>
<subfield code="d">OCLCF</subfield>
<subfield code="d">OCLCO</subfield>
<subfield code="d">OCLCQ</subfield>
<subfield code="d">DHA</subfield>
<subfield code="d">ZYU</subfield>
</datafield>
<datafield tag="043" ind1=" " ind2=" ">
<subfield code="a">a-mp---</subfield>
</datafield>
<datafield tag="050" ind1=" " ind2="4">
<subfield code="a">GN855.C6</subfield>
<subfield code="b">A527 1962</subfield>
</datafield>
<datafield tag="245" ind1="0" ind2="0">
<subfield code="6">880-01</subfield>
<subfield code="a">Mongol&#697;ski&#301; arkheologicheski&#301; sbornik :</subfield>
<subfield code="b">posvi&#865;ashchaetsi&#865;a slavnomu XL-letii&#865;u Mongol&#697;sko&#301; Narodno&#301; Respubliki /</subfield>
<subfield code="c">[otv. red. S.V. Kiselev].</subfield>
</datafield>
<datafield tag="260" ind1=" " ind2=" ">
<subfield code="6">880-02</subfield>
<subfield code="a">Moskva :</subfield>
<subfield code="b">Izd-vo Akademii nauk SSSR,</subfield>
<subfield code="c">1962.</subfield>
</datafield>
<datafield tag="300" ind1=" " ind2=" ">
<subfield code="a">109 pages :</subfield>
<subfield code="b">illustrations ;</subfield>
<subfield code="c">26 cm</subfield>
</datafield>
<datafield tag="336" ind1=" " ind2=" ">
<subfield code="a">text</subfield>
<subfield code="b">txt</subfield>
<subfield code="2">rdacontent</subfield>
</datafield>
<datafield tag="337" ind1=" " ind2=" ">
<subfield code="a">unmediated</subfield>
<subfield code="b">n</subfield>
<subfield code="2">rdamedia</subfield>
</datafield>
<datafield tag="338" ind1=" " ind2=" ">
<subfield code="a">volume</subfield>
<subfield code="b">nc</subfield>
<subfield code="2">rdacarrier</subfield>
</datafield>
<datafield tag="500" ind1=" " ind2=" ">
<subfield code="6">880-03</subfield>
<subfield code="a">At head of title: Akademii&#865;a nauk SSSR.</subfield>
</datafield>
<datafield tag="500" ind1=" " ind2=" ">
<subfield code="a">Errata on inside back cover.</subfield>
</datafield>
<datafield tag="500" ind1=" " ind2=" ">
<subfield code="a">ISAW copy is from the library of Aleksandr Leskov.</subfield>
<subfield code="5">NyNyUAW</subfield>
</datafield>
<datafield tag="504" ind1=" " ind2=" ">
<subfield code="a">Includes bibliographical references.</subfield>
</datafield>
<datafield tag="651" ind1=" " ind2="0">
<subfield code="a">Mongolia</subfield>
<subfield code="x">Antiquities.</subfield>
</datafield>
<datafield tag="650" ind1=" " ind2="0">
<subfield code="a">Excavations (Archaeology)</subfield>
<subfield code="z">Mongolia.</subfield>
</datafield>
<datafield tag="700" ind1="1" ind2=" ">
<subfield code="6">880-04</subfield>
<subfield code="a">Kiselev, S. V.</subfield>
<subfield code="q">(Serge&#301; Vladimirovich),</subfield>
<subfield code="d">1905-1962,</subfield>
<subfield code="e">editor.</subfield>
</datafield>
<datafield tag="710" ind1="2" ind2=" ">
<subfield code="6">880-05</subfield>
<subfield code="a">Akademii&#865;a nauk SSSR,</subfield>
<subfield code="e">issuing body.</subfield>
</datafield>
<datafield tag="776" ind1="0" ind2="8">
<subfield code="i">Online version:</subfield>
<subfield code="t">Mongol&#697;ski&#301; arkheologicheski&#301; sbornik.</subfield>
<subfield code="d">Moskva : Izd-vo Akademii nauk SSSR, 1962</subfield>
<subfield code="w">(OCoLC)651787762</subfield>
</datafield>
<datafield tag="700" ind1="1" ind2=" ">
<subfield code="a">Leskov, Aleksandr Mikha&#301;lovich,</subfield>
<subfield code="e">former owner.</subfield>
<subfield code="5">NyNyUAW</subfield>
</datafield>
<datafield tag="740" ind1="0" ind2=" ">
<subfield code="a">Leskov Collection.</subfield>
<subfield code="5">NyNyUAW</subfield>
</datafield>
<datafield tag="880" ind1="0" ind2="0">
<subfield code="6">245-01/</subfield>
<subfield code="a">&#1052;&#1086;&#1085;&#1075;&#1086;&#1083;&#1100;&#1089;&#1082;&#1080;&#1081; &#1072;&#1088;&#1093;&#1077;&#1086;&#1083;&#1086;&#1075;&#1080;&#1095;&#1077;&#1089;&#1082;&#1080;&#1081; &#1089;&#1073;&#1086;&#1088;&#1085;&#1080;&#1082; :</subfield>
<subfield code="b">&#1087;&#1086;&#1089;&#1074;&#1103;&#1097;&#1072;&#1077;&#1090;&#1089;&#1103; &#1089;&#1083;&#1072;&#1074;&#1085;&#1086;&#1084;&#1091; XL-&#1083;&#1077;&#1090;&#1080;&#1102; &#1052;&#1086;&#1085;&#1075;&#1086;&#1083;&#1100;&#1089;&#1082;&#1086;&#1081; &#1053;&#1072;&#1088;&#1086;&#1076;&#1085;&#1086;&#1081; &#1056;&#1077;&#1089;&#1087;&#1091;&#1073;&#1083;&#1080;&#1082;&#1080; /</subfield>
<subfield code="c">[&#1086;&#1090;&#1074;. &#1088;&#1077;&#1076;. &#1057;.&#1042;. &#1050;&#1080;&#1089;&#1077;&#1083;&#1077;&#1074;].</subfield>
</datafield>
<datafield tag="880" ind1=" " ind2=" ">
<subfield code="6">260-02/</subfield>
<subfield code="a">&#1052;&#1086;&#1089;&#1082;&#1074;&#1072; :</subfield>
<subfield code="b">&#1048;&#1079;&#1076;-&#1074;&#1086; &#1040;&#1082;&#1072;&#1076;&#1077;&#1084;&#1080;&#1080; &#1085;&#1072;&#1091;&#1082; &#1057;&#1057;&#1057;&#1056;,</subfield>
<subfield code="c">1962.</subfield>
</datafield>
<datafield tag="880" ind1=" " ind2=" ">
<subfield code="6">500-03/</subfield>
<subfield code="a">&#1040;t head of title: &#1040;&#1082;&#1072;&#1076;&#1077;&#1084;&#1080;&#1103; &#1085;&#1072;&#1091;&#1082; &#1057;&#1057;&#1057;&#1056;.</subfield>
</datafield>
<datafield tag="880" ind1="1" ind2=" ">
<subfield code="6">700-04/</subfield>
<subfield code="a">&#1050;&#1080;&#1089;&#1077;&#1083;&#1077;&#1074;, &#1057;. &#1042;.</subfield>
<subfield code="q">(&#1057;&#1077;&#1088;&#1075;&#1077;&#1081; &#1042;&#1083;&#1072;&#1076;&#1080;&#1084;&#1080;&#1088;&#1086;&#1074;&#1080;&#1095;),</subfield>
<subfield code="d">1905-1962,</subfield>
<subfield code="e">editor.</subfield>
</datafield>
<datafield tag="880" ind1="2" ind2=" ">
<subfield code="6">710-05/</subfield>
<subfield code="a">&#1040;&#1082;&#1072;&#1076;&#1077;&#1084;&#1080;&#1103; &#1085;&#1072;&#1091;&#1082; &#1057;&#1057;&#1057;&#1056;,</subfield>
<subfield code="e">issuing body</subfield>
</datafield>
<datafield tag="OWN" ind1=" " ind2=" ">
<subfield code="a">GENERAL</subfield>
</datafield>
<datafield tag="AVA" ind1=" " ind2=" ">
<subfield code="a">NYU50</subfield>
<subfield code="b">NISAW</subfield>
<subfield code="c">Small Collection</subfield>
<subfield code="d">GN855.C6 A527 1962 Non-circulating</subfield>
<subfield code="e">unavailable</subfield>
<subfield code="t">Unavailable</subfield>
<subfield code="f">1</subfield>
<subfield code="g">1</subfield>
<subfield code="h">N</subfield>
<subfield code="i">0</subfield>
<subfield code="j">SMALL</subfield>
<subfield code="k">0</subfield>
</datafield>
</record>