<record xmlns="http://www.loc.gov/MARC21/slim" xmlns:xsi="http://www.w3.org/2001/XMLSchema-instance" xsi:schemaLocation="http://www.loc.gov/MARC21/slim http://www.loc.gov/standards/marcxml/schema/MARC21slim.xsd">
<leader>00000nam a22     Ii 4500</leader>
<controlfield tag="FMT">BK</controlfield>
<controlfield tag="LDR">00000nam a22     Ii 4500</controlfield>
<controlfield tag="001">006215063</controlfield>
<controlfield tag="005">20180621114139.0</controlfield>
<controlfield tag="008">180621s1984    bu af   c     100 0 rus d</controlfield>
<datafield tag="035" ind1=" " ind2=" ">
<subfield code="a">(OCoLC)1041188346</subfield>
</datafield>
<datafield tag="040" ind1=" " ind2=" ">
<subfield code="a">ZYU</subfield>
<subfield code="b">eng</subfield>
<subfield code="e">rda</subfield>
<subfield code="c">ZYU</subfield>
</datafield>
<datafield tag="043" ind1=" " ind2=" ">
<subfield code="a">e-bu---</subfield>
</datafield>
<datafield tag="050" ind1=" " ind2="4">
<subfield code="a">N5336.B8</subfield>
<subfield code="b">S73 1984</subfield>
</datafield>
<datafield tag="110" ind1="2" ind2=" ">
<subfield code="a">Regionalen istoricheski muze&#301;--Stara Zagora,</subfield>
<subfield code="e">author.</subfield>
</datafield>
<datafield tag="245" ind1="1" ind2="0">
<subfield code="6">880-01</subfield>
<subfield code="a">Antichnai&#865;a bronza /</subfield>
<subfield code="c">Okruzhno&#301; istoricheski&#301; muze&#301;. Stara Zagora.</subfield>
</datafield>
<datafield tag="264" ind1=" " ind2="1">
<subfield code="6">880-02</subfield>
<subfield code="a">[Sofii&#865;a :</subfield>
<subfield code="b">T&#865;sentr propagandy, informat&#865;sii i pechati pri Komitete po kul&#697;ture,</subfield>
<subfield code="c">[1984].</subfield>
</datafield>
<datafield tag="300" ind1=" " ind2=" ">
<subfield code="a">17</subfield>
<subfield code="b">illustraions,</subfield>
<subfield code="c">22 x 21 cm</subfield>
</datafield>
<datafield tag="336" ind1=" " ind2=" ">
<subfield code="a">text</subfield>
<subfield code="b">txt</subfield>
<subfield code="2">rdacontent</subfield>
</datafield>
<datafield tag="337" ind1=" " ind2=" ">
<subfield code="a">unmediated</subfield>
<subfield code="b">n</subfield>
<subfield code="2">rdamedia</subfield>
</datafield>
<datafield tag="338" ind1=" " ind2=" ">
<subfield code="a">volume</subfield>
<subfield code="b">nc</subfield>
<subfield code="2">rdacarrier</subfield>
</datafield>
<datafield tag="500" ind1=" " ind2=" ">
<subfield code="a">ISAW copy is from the library of Aleksandr Leskov.</subfield>
<subfield code="5">NyNyUAW</subfield>
</datafield>
<datafield tag="500" ind1=" " ind2=" ">
<subfield code="a">Proceedings of the 8th International symposium, held on May 28-31, 1984 at Stara Zagora (Bulgaria).</subfield>
</datafield>
<datafield tag="650" ind1=" " ind2="0">
<subfield code="a">Art, Ancient</subfield>
<subfield code="z">Bulgaria</subfield>
<subfield code="v">Congresses.</subfield>
</datafield>
<datafield tag="650" ind1=" " ind2="0">
<subfield code="a">Art, Ancient</subfield>
<subfield code="v">Catalogs.</subfield>
</datafield>
<datafield tag="651" ind1=" " ind2="0">
<subfield code="a">Bulgaria</subfield>
<subfield code="x">Antiquities</subfield>
<subfield code="v">Catalogs.</subfield>
</datafield>
<datafield tag="650" ind1=" " ind2="0">
<subfield code="a">Art</subfield>
<subfield code="z">Bulgaria</subfield>
<subfield code="z">Stara Zagora</subfield>
<subfield code="v">Catalogs.</subfield>
</datafield>
<datafield tag="650" ind1=" " ind2="0">
<subfield code="a">Excavations (Archaeology)</subfield>
<subfield code="z">Bulgaria</subfield>
<subfield code="z">Stara Zagora.</subfield>
</datafield>
<datafield tag="651" ind1=" " ind2="0">
<subfield code="a">Stara Zagora (Bulgaria)</subfield>
<subfield code="x">Antiquities.</subfield>
</datafield>
<datafield tag="710" ind1="2" ind2=" ">
<subfield code="a">Regionalen istoricheski muze&#301;--Stara Zagora,</subfield>
<subfield code="e">host institution.</subfield>
</datafield>
<datafield tag="700" ind1="1" ind2=" ">
<subfield code="a">Leskov, Aleksandr Mikha&#301;lovich,</subfield>
<subfield code="e">former owner.</subfield>
<subfield code="5">NyNyUAW</subfield>
</datafield>
<datafield tag="740" ind1="0" ind2=" ">
<subfield code="a">Leskov Collection.</subfield>
<subfield code="5">NyNyUAW</subfield>
</datafield>
<datafield tag="880" ind1="1" ind2="0">
<subfield code="6">245-01/</subfield>
<subfield code="a">&#1040;&#1085;&#1090;&#1080;&#1095;&#1085;&#1072;&#1103; &#1073;&#1088;&#1086;&#1085;&#1079;&#1072; /</subfield>
<subfield code="c">&#1054;&#1082;&#1088;&#1091;&#1078;&#1085;&#1086;&#1081; &#1080;&#1089;&#1090;&#1086;&#1088;&#1080;&#1095;&#1077;&#1089;&#1082;&#1080;&#1081; &#1084;&#1091;&#1079;&#1077;&#1081;. &#1057;&#1090;&#1072;&#1088;&#1072; &#1047;&#1072;&#1075;&#1086;&#1088;&#1072;.</subfield>
</datafield>
<datafield tag="880" ind1=" " ind2="1">
<subfield code="6">264-02/</subfield>
<subfield code="a">[&#1057;&#1086;&#1092;&#1080;&#1103; :</subfield>
<subfield code="b">&#1062;&#1077;&#1085;&#1090;&#1088; &#1087;&#1088;&#1086;&#1087;&#1072;&#1075;&#1072;&#1085;&#1076;&#1099;, &#1080;&#1085;&#1092;&#1086;&#1088;&#1084;&#1072;&#1094;&#1080;&#1080; &#1080; &#1087;&#1077;&#1095;&#1072;&#1090;&#1080; &#1087;&#1088;&#1080; &#1050;&#1086;&#1084;&#1080;&#1090;&#1077;&#1090;&#1077; &#1087;&#1086; &#1082;&#1091;&#1083;&#1100;&#1090;&#1091;&#1088;&#1077;,</subfield>
<subfield code="c">[1984].</subfield>
</datafield>
<datafield tag="OWN" ind1=" " ind2=" ">
<subfield code="a">GENERAL</subfield>
</datafield>
<datafield tag="AVA" ind1=" " ind2=" ">
<subfield code="a">NYU50</subfield>
<subfield code="b">NISAW</subfield>
<subfield code="c">Large Collection</subfield>
<subfield code="d">N5336.B8 S73 1984 Non-circulating</subfield>
<subfield code="e">available</subfield>
<subfield code="t">Available</subfield>
<subfield code="f">1</subfield>
<subfield code="g">0</subfield>
<subfield code="h">N</subfield>
<subfield code="i">0</subfield>
<subfield code="j">LARGE</subfield>
<subfield code="k">0</subfield>
</datafield>
</record>