<record xmlns="http://www.loc.gov/MARC21/slim" xmlns:xsi="http://www.w3.org/2001/XMLSchema-instance" xsi:schemaLocation="http://www.loc.gov/MARC21/slim http://www.loc.gov/standards/marcxml/schema/MARC21slim.xsd">
<leader>00000cam a2200433Ii 4500</leader>
<controlfield tag="FMT">BK</controlfield>
<controlfield tag="LDR">00000cam a2200433Ii 4500</controlfield>
<controlfield tag="001">006206929</controlfield>
<controlfield tag="003">OCoLC</controlfield>
<controlfield tag="005">20180709141258.0</controlfield>
<controlfield tag="008">871013s1986    ru a          000 0 rus d</controlfield>
<datafield tag="035" ind1=" " ind2=" ">
<subfield code="a">(OCoLC)24778060</subfield>
</datafield>
<datafield tag="040" ind1=" " ind2=" ">
<subfield code="a">CUY</subfield>
<subfield code="b">eng</subfield>
<subfield code="c">CUY</subfield>
<subfield code="d">OCL</subfield>
<subfield code="d">OCLCQ</subfield>
<subfield code="d">OCLCG</subfield>
<subfield code="d">OCLCQ</subfield>
<subfield code="d">OCLCO</subfield>
<subfield code="d">OCLCQ</subfield>
<subfield code="d">OCLCA</subfield>
<subfield code="d">OCLCF</subfield>
<subfield code="d">ZYU</subfield>
</datafield>
<datafield tag="043" ind1=" " ind2=" ">
<subfield code="a">a-sy---</subfield>
</datafield>
<datafield tag="050" ind1=" " ind2="4">
<subfield code="a">N5460</subfield>
<subfield code="b">.D7 1986</subfield>
</datafield>
<datafield tag="245" ind1="0" ind2="0">
<subfield code="6">880-01</subfield>
<subfield code="a">Drevnosti Pal&#697;miry :</subfield>
<subfield code="b">katalog vystavki /</subfield>
<subfield code="c">[vtupitel&#697;nai&#865;a stat&#697;i&#865;a i redaktura katalozhno&#301; chasti E.V. Ze&#301;mal&#697;].</subfield>
</datafield>
<datafield tag="260" ind1=" " ind2=" ">
<subfield code="6">880-02</subfield>
<subfield code="a">Leningrad :</subfield>
<subfield code="b">[Gos. &#278;rmitazh],</subfield>
<subfield code="c">1986.</subfield>
</datafield>
<datafield tag="300" ind1=" " ind2=" ">
<subfield code="a">84 pages :</subfield>
<subfield code="b">illustrations ;</subfield>
<subfield code="c">21 cm</subfield>
</datafield>
<datafield tag="336" ind1=" " ind2=" ">
<subfield code="a">text</subfield>
<subfield code="b">txt</subfield>
<subfield code="2">rdacontent</subfield>
</datafield>
<datafield tag="337" ind1=" " ind2=" ">
<subfield code="a">unmediated</subfield>
<subfield code="b">n</subfield>
<subfield code="2">rdamedia</subfield>
</datafield>
<datafield tag="338" ind1=" " ind2=" ">
<subfield code="a">volume</subfield>
<subfield code="b">nc</subfield>
<subfield code="2">rdacarrier</subfield>
</datafield>
<datafield tag="500" ind1=" " ind2=" ">
<subfield code="a">ISAW copy is from the library of Aleksandr Leskov.</subfield>
<subfield code="5">NyNyUAW</subfield>
</datafield>
<datafield tag="500" ind1=" " ind2=" ">
<subfield code="6">880-03</subfield>
<subfield code="a">At head of title: Ministerstvo kul&#697;tury SSSR. Ministerstvo kul&#697;tury i nat&#865;sional&#697;no&#301; orientat&#865;sii Siri&#301;sko&#301; Arabsko&#301; Respubliki. Gosudarstvenny&#301; &#278;rmitazh.</subfield>
</datafield>
<datafield tag="650" ind1=" " ind2="0">
<subfield code="a">Art, Ancient</subfield>
<subfield code="z">Syria</subfield>
<subfield code="z">Tadmur</subfield>
<subfield code="v">Exhibitions.</subfield>
</datafield>
<datafield tag="650" ind1=" " ind2="0">
<subfield code="a">Art, Syrian</subfield>
<subfield code="v">Exhibitions.</subfield>
</datafield>
<datafield tag="651" ind1=" " ind2="0">
<subfield code="a">Tadmur (Syria)</subfield>
<subfield code="x">Antiquities</subfield>
<subfield code="v">Exhibitions.</subfield>
</datafield>
<datafield tag="651" ind1=" " ind2="0">
<subfield code="a">Syria</subfield>
<subfield code="x">Antiquities</subfield>
<subfield code="v">Exhibitions.</subfield>
</datafield>
<datafield tag="651" ind1=" " ind2="7">
<subfield code="a">Palmyra.</subfield>
<subfield code="2">pleiades</subfield>
<subfield code="0">https://pleiades.stoa.org/places/668331</subfield>
</datafield>
<datafield tag="650" ind1=" " ind2="7">
<subfield code="a">Antiquities.</subfield>
<subfield code="2">fast</subfield>
<subfield code="0">(OCoLC)fst00810745</subfield>
</datafield>
<datafield tag="650" ind1=" " ind2="7">
<subfield code="a">Art, Ancient.</subfield>
<subfield code="2">fast</subfield>
<subfield code="0">(OCoLC)fst00815925</subfield>
</datafield>
<datafield tag="650" ind1=" " ind2="7">
<subfield code="a">Art, Syrian.</subfield>
<subfield code="2">fast</subfield>
<subfield code="0">(OCoLC)fst00816935</subfield>
</datafield>
<datafield tag="651" ind1=" " ind2="7">
<subfield code="a">Syria.</subfield>
<subfield code="2">fast</subfield>
<subfield code="0">(OCoLC)fst01208757</subfield>
</datafield>
<datafield tag="655" ind1=" " ind2="7">
<subfield code="a">Exhibition catalogs.</subfield>
<subfield code="2">fast</subfield>
<subfield code="0">(OCoLC)fst01424028</subfield>
</datafield>
<datafield tag="700" ind1="1" ind2=" ">
<subfield code="a">Leskov, Aleksandr Mikha&#301;lovich,</subfield>
<subfield code="e">former owner.</subfield>
<subfield code="5">NyNyUAW</subfield>
</datafield>
<datafield tag="740" ind1="0" ind2=" ">
<subfield code="a">Leskov Collection.</subfield>
<subfield code="5">NyNyUAW</subfield>
</datafield>
<datafield tag="700" ind1="1" ind2=" ">
<subfield code="6">880-04</subfield>
<subfield code="a">Ze&#301;mal&#697;, E. V.</subfield>
<subfield code="q">(Evgeni&#301; Vladislavovich),</subfield>
<subfield code="e">writer of worword.</subfield>
</datafield>
<datafield tag="710" ind1="2" ind2=" ">
<subfield code="6">880-05</subfield>
<subfield code="a">Gosudarstvenny&#301; &#278;rmitazh (Russia),</subfield>
<subfield code="e">host institution.</subfield>
</datafield>
<datafield tag="880" ind1="0" ind2="0">
<subfield code="6">245-01/</subfield>
<subfield code="a">&#1044;&#1088;&#1077;&#1074;&#1085;&#1086;&#1089;&#1090;&#1080; &#1055;&#1072;&#1083;&#1100;&#1084;&#1080;&#1088;&#1099; :</subfield>
<subfield code="b">&#1082;&#1072;&#1090;&#1072;&#1083;&#1086;&#1075; &#1074;&#1099;&#1089;&#1090;&#1072;&#1074;&#1082;&#1080; /</subfield>
<subfield code="c">[&#1074;&#1090;&#1091;&#1087;&#1080;&#1090;&#1077;&#1083;&#1100;&#1085;&#1072;&#1103; &#1089;&#1090;&#1072;&#1090;&#1100;&#1103; &#1080; &#1088;&#1077;&#1076;&#1072;&#1082;&#1090;&#1091;&#1088;&#1072; &#1082;&#1072;&#1090;&#1072;&#1083;&#1086;&#1078;&#1085;&#1086;&#1081; &#1095;&#1072;&#1089;&#1090;&#1080; &#1045;.&#1042;. &#1047;&#1077;&#1081;&#1084;&#1072;&#1083;&#1100;].</subfield>
</datafield>
<datafield tag="880" ind1=" " ind2=" ">
<subfield code="6">260-02/</subfield>
<subfield code="a">&#1051;&#1077;&#1085;&#1080;&#1085;&#1075;&#1088;&#1072;&#1076; :</subfield>
<subfield code="b">[&#1043;&#1086;&#1089;. &#1069;&#1088;&#1084;&#1080;&#1090;&#1072;&#1078;],</subfield>
<subfield code="c">1986.</subfield>
</datafield>
<datafield tag="880" ind1=" " ind2=" ">
<subfield code="6">500-03/</subfield>
<subfield code="a">&#1040;t head of title: &#1052;&#1080;&#1085;&#1080;&#1089;&#1090;&#1077;&#1088;&#1089;&#1090;&#1074;&#1086; &#1082;&#1091;&#1083;&#1100;&#1090;&#1091;&#1088;&#1099; &#1057;&#1057;&#1057;&#1056;. &#1052;&#1080;&#1085;&#1080;&#1089;&#1090;&#1077;&#1088;&#1089;&#1090;&#1074;&#1086; &#1082;&#1091;&#1083;&#1100;&#1090;&#1091;&#1088;&#1099; &#1080; &#1085;&#1072;&#1094;&#1080;&#1086;&#1085;&#1072;&#1083;&#1100;&#1085;&#1086;&#1081; &#1086;&#1088;&#1080;&#1077;&#1085;&#1090;&#1072;&#1094;&#1080;&#1080; &#1057;&#1080;&#1088;&#1080;&#1081;&#1089;&#1082;&#1086;&#1081; &#1040;&#1088;&#1072;&#1073;&#1089;&#1082;&#1086;&#1081; &#1056;&#1077;&#1089;&#1087;&#1091;&#1073;&#1083;&#1080;&#1082;&#1080;. &#1043;&#1086;&#1089;&#1091;&#1076;&#1072;&#1088;&#1089;&#1090;&#1074;&#1077;&#1085;&#1085;&#1099;&#1081; &#1069;&#1088;&#1084;&#1080;&#1090;&#1072;&#1078;.</subfield>
</datafield>
<datafield tag="880" ind1="1" ind2=" ">
<subfield code="6">700-04/</subfield>
<subfield code="a">&#1047;&#1077;&#1081;&#1084;&#1072;&#1083;&#1100;, &#1045;. &#1042;.</subfield>
<subfield code="q">(&#1045;&#1074;&#1075;&#1077;&#1085;&#1080;&#1081; &#1042;&#1083;&#1072;&#1076;&#1080;&#1089;&#1083;&#1072;&#1074;&#1086;&#1074;&#1080;&#1095;),</subfield>
<subfield code="e">writer of worword.</subfield>
</datafield>
<datafield tag="880" ind1="2" ind2=" ">
<subfield code="6">710-05/</subfield>
<subfield code="a">&#1043;&#1086;&#1089;&#1091;&#1076;&#1072;&#1088;&#1089;&#1090;&#1074;&#1077;&#1085;&#1085;&#1099;&#1081; &#1069;&#1088;&#1084;&#1080;&#1090;&#1072;&#1078; (Russia),</subfield>
<subfield code="e">host institution.</subfield>
</datafield>
<datafield tag="OWN" ind1=" " ind2=" ">
<subfield code="a">GENERAL</subfield>
</datafield>
<datafield tag="AVA" ind1=" " ind2=" ">
<subfield code="a">NYU50</subfield>
<subfield code="b">NISAW</subfield>
<subfield code="c">Small Collection</subfield>
<subfield code="d">N5460 .D7 1986 Non-circulating</subfield>
<subfield code="e">unavailable</subfield>
<subfield code="t">Unavailable</subfield>
<subfield code="f">1</subfield>
<subfield code="g">1</subfield>
<subfield code="h">N</subfield>
<subfield code="i">0</subfield>
<subfield code="j">SMALL</subfield>
<subfield code="k">0</subfield>
</datafield>
</record>