<record xmlns="http://www.loc.gov/MARC21/slim" xmlns:xsi="http://www.w3.org/2001/XMLSchema-instance" xsi:schemaLocation="http://www.loc.gov/MARC21/slim http://www.loc.gov/standards/marcxml/schema/MARC21slim.xsd">
<leader>00000cam a22     Ii 4500</leader>
<controlfield tag="FMT">BK</controlfield>
<controlfield tag="LDR">00000cam a22     Ii 4500</controlfield>
<controlfield tag="001">006217972</controlfield>
<controlfield tag="005">20180703102828.0</controlfield>
<controlfield tag="008">180626s2018    gw abef  b    001 0 ger d</controlfield>
<datafield tag="016" ind1="7" ind2=" ">
<subfield code="a">1154615855</subfield>
<subfield code="2">GyFmDB</subfield>
</datafield>
<datafield tag="020" ind1=" " ind2=" ">
<subfield code="a">9783447109758</subfield>
<subfield code="q">(hd.bd.)</subfield>
</datafield>
<datafield tag="020" ind1=" " ind2=" ">
<subfield code="a">3447109750</subfield>
<subfield code="q">(hd.bd.)</subfield>
</datafield>
<datafield tag="024" ind1="3" ind2=" ">
<subfield code="a">9783447109758</subfield>
</datafield>
<datafield tag="035" ind1=" " ind2=" ">
<subfield code="a">(OCoLC)1032033272</subfield>
<subfield code="z">(OCoLC)1029480547</subfield>
<subfield code="z">(OCoLC)1029571382</subfield>
</datafield>
<datafield tag="040" ind1=" " ind2=" ">
<subfield code="a">OHX</subfield>
<subfield code="b">eng</subfield>
<subfield code="e">rda</subfield>
<subfield code="c">OHX</subfield>
<subfield code="d">OCLCO</subfield>
<subfield code="d">YDX</subfield>
<subfield code="d">MZA</subfield>
<subfield code="d">CGU</subfield>
<subfield code="d">ZYU</subfield>
</datafield>
<datafield tag="043" ind1=" " ind2=" ">
<subfield code="a">f-ua---</subfield>
</datafield>
<datafield tag="050" ind1=" " ind2="4">
<subfield code="a">NA215</subfield>
<subfield code="b">.B395 2018</subfield>
</datafield>
<datafield tag="072" ind1=" " ind2="7">
<subfield code="a">BL</subfield>
<subfield code="2">lcco</subfield>
</datafield>
<datafield tag="072" ind1=" " ind2="7">
<subfield code="a">NA</subfield>
<subfield code="2">lcco</subfield>
</datafield>
<datafield tag="100" ind1="1" ind2=" ">
<subfield code="a">Baumann, Stefan</subfield>
<subfield code="c">(Illustrator of Egyptian temples)</subfield>
</datafield>
<datafield tag="245" ind1="1" ind2="0">
<subfield code="a">Schatzkammern :</subfield>
<subfield code="b">ihre Dekoration und Raumkonzeption in &#228;gyptischen Tempeln der griechisch-r&#246;mischen Zeit /</subfield>
<subfield code="c">Stefan Baumann.</subfield>
</datafield>
<datafield tag="264" ind1=" " ind2="1">
<subfield code="a">Wiesbaden :</subfield>
<subfield code="b">Harrassowitz Verlag,</subfield>
<subfield code="c">2018.</subfield>
</datafield>
<datafield tag="300" ind1=" " ind2=" ">
<subfield code="a">886</subfield>
<subfield code="b">illustrations (some color), maps, plans ;</subfield>
<subfield code="c">31 cm.</subfield>
</datafield>
<datafield tag="336" ind1=" " ind2=" ">
<subfield code="a">text</subfield>
<subfield code="b">txt</subfield>
<subfield code="2">rdacontent</subfield>
</datafield>
<datafield tag="336" ind1=" " ind2=" ">
<subfield code="a">still image</subfield>
<subfield code="b">sti</subfield>
<subfield code="2">rdacontent</subfield>
</datafield>
<datafield tag="337" ind1=" " ind2=" ">
<subfield code="a">unmediated</subfield>
<subfield code="b">n</subfield>
<subfield code="2">rdamedia</subfield>
</datafield>
<datafield tag="338" ind1=" " ind2=" ">
<subfield code="a">volume</subfield>
<subfield code="b">nc</subfield>
<subfield code="2">rdacarrier</subfield>
</datafield>
<datafield tag="490" ind1="1" ind2=" ">
<subfield code="a">Studien zur sp&#228;t&#228;gyptischen Religion ;</subfield>
<subfield code="v">Band 19</subfield>
</datafield>
<datafield tag="502" ind1=" " ind2=" ">
<subfield code="a">Slight revision of author's thesis (doctoral)--Universit&#228;t T&#252;bingen, 2017.</subfield>
</datafield>
<datafield tag="504" ind1=" " ind2=" ">
<subfield code="a">Includes bibliographical references and indexes.</subfield>
</datafield>
<datafield tag="650" ind1=" " ind2="0">
<subfield code="a">Temples</subfield>
<subfield code="z">Egypt.</subfield>
</datafield>
<datafield tag="650" ind1=" " ind2="0">
<subfield code="a">Art, Egyptian.</subfield>
</datafield>
<datafield tag="651" ind1=" " ind2="0">
<subfield code="a">Egypt</subfield>
<subfield code="x">History</subfield>
<subfield code="y">Greco-Roman period, 332 B.C.-640 A.D.</subfield>
</datafield>
<datafield tag="651" ind1=" " ind2="7">
<subfield code="a">Aegyptus (Roman imperial province)</subfield>
<subfield code="2">pleiades</subfield>
<subfield code="0">https://pleiades.stoa.org/places/766</subfield>
<subfield code="5">NyNyUAW</subfield>
</datafield>
<datafield tag="830" ind1=" " ind2="0">
<subfield code="a">Studien zur sp&#228;t&#228;gyptischen Religion ;</subfield>
<subfield code="v">Bd. 19.</subfield>
</datafield>
<datafield tag="OWN" ind1=" " ind2=" ">
<subfield code="a">GENERAL</subfield>
</datafield>
<datafield tag="AVA" ind1=" " ind2=" ">
<subfield code="a">NYU50</subfield>
<subfield code="b">NISAW</subfield>
<subfield code="c">Large Collection</subfield>
<subfield code="d">NA215 .B395 2018 Non-circulating</subfield>
<subfield code="e">available</subfield>
<subfield code="t">Available</subfield>
<subfield code="f">2</subfield>
<subfield code="g">0</subfield>
<subfield code="h">Y</subfield>
<subfield code="i">0</subfield>
<subfield code="j">LARGE</subfield>
<subfield code="k">0</subfield>
</datafield>
</record>