<record xmlns="http://www.loc.gov/MARC21/slim" xmlns:xsi="http://www.w3.org/2001/XMLSchema-instance" xsi:schemaLocation="http://www.loc.gov/MARC21/slim http://www.loc.gov/standards/marcxml/schema/MARC21slim.xsd">
<leader>00000cam a22     Ii 4500</leader>
<controlfield tag="FMT">BK</controlfield>
<controlfield tag="LDR">00000cam a22     Ii 4500</controlfield>
<controlfield tag="001">006207568</controlfield>
<controlfield tag="005">20180622154731.0</controlfield>
<controlfield tag="008">180618s2016    fr abe   bc   000 0 fre d</controlfield>
<datafield tag="020" ind1=" " ind2=" ">
<subfield code="a">9782355180576</subfield>
<subfield code="q">(pbk.)</subfield>
</datafield>
<datafield tag="020" ind1=" " ind2=" ">
<subfield code="a">2355180571</subfield>
</datafield>
<datafield tag="035" ind1=" " ind2=" ">
<subfield code="a">(OCoLC)967681746</subfield>
</datafield>
<datafield tag="040" ind1=" " ind2=" ">
<subfield code="a">AUXAM</subfield>
<subfield code="b">eng</subfield>
<subfield code="e">rda</subfield>
<subfield code="c">AUXAM</subfield>
<subfield code="d">ERASP</subfield>
<subfield code="d">GRU</subfield>
<subfield code="d">YKM</subfield>
<subfield code="d">OCLCF</subfield>
<subfield code="d">HLS</subfield>
<subfield code="d">CHVBK</subfield>
<subfield code="d">ZYU</subfield>
</datafield>
<datafield tag="043" ind1=" " ind2=" ">
<subfield code="a">e-fr---</subfield>
</datafield>
<datafield tag="050" ind1=" " ind2="4">
<subfield code="a">NK5107.3</subfield>
<subfield code="b">.R65 2016</subfield>
</datafield>
<datafield tag="082" ind1="0" ind2="4">
<subfield code="a">748</subfield>
</datafield>
<datafield tag="100" ind1="1" ind2=" ">
<subfield code="a">Robin, Laudine,</subfield>
<subfield code="e">author.</subfield>
</datafield>
<datafield tag="245" ind1="1" ind2="3">
<subfield code="a">Le verre &#224; Lyon :</subfield>
<subfield code="b">production et consommation durant le Haut-Empire (Lugdunum) /</subfield>
<subfield code="c">Laudine Robin.</subfield>
</datafield>
<datafield tag="246" ind1="1" ind2="7">
<subfield code="a">Mobilier en verre lyonnais</subfield>
</datafield>
<datafield tag="264" ind1=" " ind2="1">
<subfield code="a">Autun :</subfield>
<subfield code="b">Editions Mergoil,</subfield>
<subfield code="c">2016.</subfield>
</datafield>
<datafield tag="300" ind1=" " ind2=" ">
<subfield code="a">554 pages :</subfield>
<subfield code="b">illustrations (some color), maps (1 color), plans (some color) ;</subfield>
<subfield code="c">30 cm</subfield>
</datafield>
<datafield tag="336" ind1=" " ind2=" ">
<subfield code="a">text</subfield>
<subfield code="b">txt</subfield>
<subfield code="2">rdacontent</subfield>
</datafield>
<datafield tag="336" ind1=" " ind2=" ">
<subfield code="a">still image</subfield>
<subfield code="b">sti</subfield>
<subfield code="2">rdacontent</subfield>
</datafield>
<datafield tag="337" ind1=" " ind2=" ">
<subfield code="a">unmediated</subfield>
<subfield code="b">n</subfield>
<subfield code="2">rdamedia</subfield>
</datafield>
<datafield tag="338" ind1=" " ind2=" ">
<subfield code="a">volume</subfield>
<subfield code="b">nc</subfield>
<subfield code="2">rdacarrier</subfield>
</datafield>
<datafield tag="490" ind1="1" ind2=" ">
<subfield code="a">Monographies instrumentum</subfield>
<subfield code="x">1278-3846 ;</subfield>
<subfield code="v">53</subfield>
</datafield>
<datafield tag="490" ind1="1" ind2=" ">
<subfield code="a">S&#233;rie Mobilier lyonnais ;</subfield>
<subfield code="v">1</subfield>
</datafield>
<datafield tag="500" ind1=" " ind2=" ">
<subfield code="a">Revision of the author's thesis (doctoral)--Universit&#233; Lumi&#232;re Lyon 2 (Lyon, France), 2012.</subfield>
</datafield>
<datafield tag="504" ind1=" " ind2=" ">
<subfield code="a">Includes bibliographical references (pages 529-553).</subfield>
</datafield>
<datafield tag="505" ind1="0" ind2=" ">
<subfield code="a">L'artisanat du verre -- Les sites domestiques -- Les sites fun&#233;raires -- Synth&#232;se -- Typo-chronologie -- Catalogue illustr&#233;.</subfield>
</datafield>
<datafield tag="520" ind1="8" ind2=" ">
<subfield code="a">Lyon-Lugdunum, capitale des Trois Gaules, positionn&#233;e au coeur de voies fluviales et terrestres, a tenu une position privil&#233;gi&#233;e dans le commerce et la distribution des objets en verre durant le Haut-Empire. Le d&#233;veloppement de l'arch&#233;ologie du verre n'avait que trop peu mis en &#233;vidence les ensembles lyonnais, pourtant si riches d'enseignements. La d&#233;couverte de plusieurs ateliers le long de la rive gauche de la Sa&#244;ne, sur le quai Saint-Vincent, d&#233;montre de toute &#233;vidence que Lyon a tenu un r&#244;le tout aussi important dans la production du verre que dans la poterie. Cet ouvrage &#233;tudie la structuration et le fonctionnement de plusiers ateliers mis au jour au bord de la Sa&#244;ne, sur la plaine de Vaise ainsi que sur les pentes de la Croix-Rousse. Si l'&#233;tude des ateliers a permis de mettre en &#233;vidence les productions locales, les recherches men&#233;es sur les sites de consommation permettent d'en appr&#233;hender la distribution et de discerner les possibles importations venues d'autres r&#233;gions de l'Empire.</subfield>
</datafield>
<datafield tag="650" ind1=" " ind2="0">
<subfield code="a">Glassware, Ancient</subfield>
<subfield code="z">France</subfield>
<subfield code="z">Lyon</subfield>
<subfield code="v">Catalogs.</subfield>
</datafield>
<datafield tag="650" ind1=" " ind2="0">
<subfield code="a">Glassware, Roman</subfield>
<subfield code="z">France</subfield>
<subfield code="z">Lyon</subfield>
<subfield code="v">Catalogs.</subfield>
</datafield>
<datafield tag="650" ind1=" " ind2="0">
<subfield code="a">Glass manufacture</subfield>
<subfield code="z">France</subfield>
<subfield code="z">Lyon</subfield>
<subfield code="x">History.</subfield>
</datafield>
<datafield tag="651" ind1=" " ind2="0">
<subfield code="a">Lyon (France)</subfield>
<subfield code="x">Antiquities.</subfield>
</datafield>
<datafield tag="651" ind1=" " ind2="7">
<subfield code="a">Col. Lugdunum.</subfield>
<subfield code="2">pleiades</subfield>
<subfield code="0">https://pleiades.stoa.org/places/167717</subfield>
</datafield>
<datafield tag="650" ind1=" " ind2="7">
<subfield code="a">Antiquities.</subfield>
<subfield code="2">fast</subfield>
<subfield code="0">(OCoLC)fst00810745</subfield>
</datafield>
<datafield tag="650" ind1=" " ind2="7">
<subfield code="a">Glass manufacture.</subfield>
<subfield code="2">fast</subfield>
<subfield code="0">(OCoLC)fst00943191</subfield>
</datafield>
<datafield tag="650" ind1=" " ind2="7">
<subfield code="a">Glassware, Ancient.</subfield>
<subfield code="2">fast</subfield>
<subfield code="0">(OCoLC)fst00943335</subfield>
</datafield>
<datafield tag="650" ind1=" " ind2="7">
<subfield code="a">Glassware, Roman.</subfield>
<subfield code="2">fast</subfield>
<subfield code="0">(OCoLC)fst01199969</subfield>
</datafield>
<datafield tag="651" ind1=" " ind2="7">
<subfield code="a">France</subfield>
<subfield code="z">Lyon.</subfield>
<subfield code="2">fast</subfield>
<subfield code="0">(OCoLC)fst01214593</subfield>
</datafield>
<datafield tag="650" ind1=" " ind2="7">
<subfield code="a">Glash&#252;tte.</subfield>
<subfield code="0">(DE-588)4140654-0</subfield>
<subfield code="2">gnd</subfield>
</datafield>
<datafield tag="651" ind1=" " ind2="7">
<subfield code="a">Lyon.</subfield>
<subfield code="0">(DE-588)4036770-8</subfield>
<subfield code="2">gnd</subfield>
</datafield>
<datafield tag="651" ind1=" " ind2="7">
<subfield code="a">R&#246;misches Reich.</subfield>
<subfield code="0">(DE-588)4076778-4</subfield>
<subfield code="2">gnd</subfield>
</datafield>
<datafield tag="655" ind1=" " ind2="7">
<subfield code="a">Catalogs.</subfield>
<subfield code="2">fast</subfield>
<subfield code="0">(OCoLC)fst01423692</subfield>
</datafield>
<datafield tag="655" ind1=" " ind2="7">
<subfield code="a">History.</subfield>
<subfield code="2">fast</subfield>
<subfield code="0">(OCoLC)fst01411628</subfield>
</datafield>
<datafield tag="830" ind1=" " ind2="0">
<subfield code="a">Monographies instrumentum ;</subfield>
<subfield code="v">53.</subfield>
</datafield>
<datafield tag="830" ind1=" " ind2="0">
<subfield code="a">Monographies instrumentum.</subfield>
<subfield code="p">S&#233;rie Mobilier lyonnais ;</subfield>
<subfield code="v">1.</subfield>
</datafield>
<datafield tag="OWN" ind1=" " ind2=" ">
<subfield code="a">GENERAL</subfield>
</datafield>
<datafield tag="AVA" ind1=" " ind2=" ">
<subfield code="a">NYU50</subfield>
<subfield code="b">NISAW</subfield>
<subfield code="c">Large Collection</subfield>
<subfield code="d">NK5107.3 .R65 2016 Non-circulating</subfield>
<subfield code="e">available</subfield>
<subfield code="t">Available</subfield>
<subfield code="f">1</subfield>
<subfield code="g">0</subfield>
<subfield code="h">N</subfield>
<subfield code="i">0</subfield>
<subfield code="j">LARGE</subfield>
<subfield code="k">0</subfield>
</datafield>
</record>