<record xmlns="http://www.loc.gov/MARC21/slim" xmlns:xsi="http://www.w3.org/2001/XMLSchema-instance" xsi:schemaLocation="http://www.loc.gov/MARC21/slim http://www.loc.gov/standards/marcxml/schema/MARC21slim.xsd">
<leader>00000cam a22        4500</leader>
<controlfield tag="FMT">BK</controlfield>
<controlfield tag="LDR">00000cam a22        4500</controlfield>
<controlfield tag="001">006218185</controlfield>
<controlfield tag="005">20180627133236.0</controlfield>
<controlfield tag="008">180627s1897    gw       b    001 0 ger</controlfield>
<datafield tag="010" ind1=" " ind2=" ">
<subfield code="a">   12012198</subfield>
</datafield>
<datafield tag="016" ind1="7" ind2=" ">
<subfield code="a">60640850R</subfield>
<subfield code="2">DNLM</subfield>
</datafield>
<datafield tag="035" ind1=" " ind2=" ">
<subfield code="a">(OCoLC)14789575</subfield>
<subfield code="z">(OCoLC)4928454</subfield>
<subfield code="z">(OCoLC)270105738</subfield>
</datafield>
<datafield tag="040" ind1=" " ind2=" ">
<subfield code="a">NLM</subfield>
<subfield code="b">eng</subfield>
<subfield code="c">NLM</subfield>
<subfield code="d">TYC</subfield>
<subfield code="d">SER</subfield>
<subfield code="d">NLGGC</subfield>
<subfield code="d">LVB</subfield>
<subfield code="d">CGC</subfield>
<subfield code="d">STF</subfield>
<subfield code="d">UPM</subfield>
<subfield code="d">KRTAS</subfield>
<subfield code="d">Z@L</subfield>
<subfield code="d">OCLCF</subfield>
<subfield code="d">OCLCO</subfield>
<subfield code="d">OCLCQ</subfield>
<subfield code="d">OCLCO</subfield>
<subfield code="d">OCLCQ</subfield>
<subfield code="d">DHA</subfield>
<subfield code="d">ZYU</subfield>
</datafield>
<datafield tag="050" ind1=" " ind2="4">
<subfield code="a">PA5110</subfield>
<subfield code="b">.K8 1897</subfield>
</datafield>
<datafield tag="060" ind1="0" ind2="0">
<subfield code="a">PA</subfield>
<subfield code="b">K94g 1897</subfield>
</datafield>
<datafield tag="082" ind1="0" ind2="4">
<subfield code="a">889</subfield>
</datafield>
<datafield tag="084" ind1=" " ind2=" ">
<subfield code="a">18.44</subfield>
<subfield code="2">bcl</subfield>
</datafield>
<datafield tag="084" ind1=" " ind2=" ">
<subfield code="a">889</subfield>
</datafield>
<datafield tag="100" ind1="1" ind2=" ">
<subfield code="a">Krumbacher, Karl,</subfield>
<subfield code="d">1856-1909.</subfield>
</datafield>
<datafield tag="245" ind1="1" ind2="0">
<subfield code="a">Geschichte der byzantinischen Litteratur von Justinian bis zum Ende des ostr&#246;mischen Reiches, 527-1453,</subfield>
<subfield code="c">von Karl Krumbacher.</subfield>
</datafield>
<datafield tag="250" ind1=" " ind2=" ">
<subfield code="a">2. Aufl., bearb. unter Mitwirkung von A. Ehrhard [und] H. Gelzer.</subfield>
</datafield>
<datafield tag="260" ind1=" " ind2=" ">
<subfield code="a">M&#252;nchen,</subfield>
<subfield code="b">Beck,</subfield>
<subfield code="c">1897.</subfield>
</datafield>
<datafield tag="300" ind1=" " ind2=" ">
<subfield code="a">1193</subfield>
<subfield code="c">25 cm</subfield>
</datafield>
<datafield tag="336" ind1=" " ind2=" ">
<subfield code="a">text</subfield>
<subfield code="b">txt</subfield>
<subfield code="2">rdacontent</subfield>
</datafield>
<datafield tag="337" ind1=" " ind2=" ">
<subfield code="a">unmediated</subfield>
<subfield code="b">n</subfield>
<subfield code="2">rdamedia</subfield>
</datafield>
<datafield tag="338" ind1=" " ind2=" ">
<subfield code="a">volume</subfield>
<subfield code="b">nc</subfield>
<subfield code="2">rdacarrier</subfield>
</datafield>
<datafield tag="490" ind1="1" ind2=" ">
<subfield code="a">Handbuch der Klassischen Altertums-wissenschaft</subfield>
<subfield code="v">9. Bd., 1. Abt</subfield>
</datafield>
<datafield tag="504" ind1=" " ind2=" ">
<subfield code="a">Includes bibliographical references and index.</subfield>
</datafield>
<datafield tag="500" ind1=" " ind2=" ">
<subfield code="a">ISAW copy is from the library of Nina Garso&#239;an.</subfield>
<subfield code="5">NyNyUAW</subfield>
</datafield>
<datafield tag="650" ind1=" " ind2="0">
<subfield code="a">Byzantine literature</subfield>
<subfield code="x">History and criticism.</subfield>
</datafield>
<datafield tag="650" ind1=" " ind2="6">
<subfield code="a">Litt&#233;rature byzantine</subfield>
<subfield code="x">Histoire et critique.</subfield>
</datafield>
<datafield tag="650" ind1=" " ind2="7">
<subfield code="a">Byzantine literature.</subfield>
<subfield code="2">fast</subfield>
<subfield code="0">(OCoLC)fst00843235</subfield>
</datafield>
<datafield tag="650" ind1="1" ind2="7">
<subfield code="a">Letterkunde.</subfield>
<subfield code="2">gtt</subfield>
</datafield>
<datafield tag="650" ind1="1" ind2="7">
<subfield code="a">Byzantijns-Grieks.</subfield>
<subfield code="2">gtt</subfield>
</datafield>
<datafield tag="655" ind1=" " ind2="7">
<subfield code="a">Criticism, interpretation, etc.</subfield>
<subfield code="2">fast</subfield>
<subfield code="0">(OCoLC)fst01411635</subfield>
</datafield>
<datafield tag="700" ind1="1" ind2=" ">
<subfield code="a">Ehrhard, Albert,</subfield>
<subfield code="d">1862-1940.</subfield>
</datafield>
<datafield tag="700" ind1="1" ind2=" ">
<subfield code="a">Garso&#239;an, Nina G.,</subfield>
<subfield code="d">1923-</subfield>
<subfield code="e">former owner.</subfield>
<subfield code="5">NyNyUAW</subfield>
</datafield>
<datafield tag="740" ind1="0" ind2=" ">
<subfield code="a">Garso&#239;an Collection.</subfield>
<subfield code="5">NyNyUAW</subfield>
</datafield>
<datafield tag="776" ind1="0" ind2="8">
<subfield code="i">Online version:</subfield>
<subfield code="a">Krumbacher, Karl, 1856-1909.</subfield>
<subfield code="t">Geschichte der byzantinischen Litteratur von Justinian bis zum Ende des ostr&#246;mischen Reiches, 527-1453.</subfield>
<subfield code="b">2. Aufl., bearb. unter Mitwirkung von A. Ehrhard [und] H. Gelzer.</subfield>
<subfield code="d">M&#252;nchen, Beck, 1897</subfield>
<subfield code="w">(OCoLC)655248261</subfield>
</datafield>
<datafield tag="830" ind1=" " ind2="0">
<subfield code="a">Handbuch der klassischen Altertums-Wissenschaft ;</subfield>
<subfield code="v">9. Bd. , 1. Abt.</subfield>
</datafield>
<datafield tag="OWN" ind1=" " ind2=" ">
<subfield code="a">GENERAL</subfield>
</datafield>
<datafield tag="AVA" ind1=" " ind2=" ">
<subfield code="a">NYU50</subfield>
<subfield code="b">NISAW</subfield>
<subfield code="c">Small Collection</subfield>
<subfield code="d">PA5110 .K8 1897 Non-circulating</subfield>
<subfield code="e">available</subfield>
<subfield code="t">Available</subfield>
<subfield code="f">1</subfield>
<subfield code="g">0</subfield>
<subfield code="h">N</subfield>
<subfield code="i">0</subfield>
<subfield code="j">SMALL</subfield>
<subfield code="k">0</subfield>
</datafield>
</record>