<record xmlns="http://www.loc.gov/MARC21/slim" xmlns:xsi="http://www.w3.org/2001/XMLSchema-instance" xsi:schemaLocation="http://www.loc.gov/MARC21/slim http://www.loc.gov/standards/marcxml/schema/MARC21slim.xsd">
<leader>00000cam a22004451  4500</leader>
<controlfield tag="FMT">BK</controlfield>
<controlfield tag="LDR">00000cam a22004451  4500</controlfield>
<controlfield tag="001">006218171</controlfield>
<controlfield tag="003">OCoLC</controlfield>
<controlfield tag="005">20180709140404.0</controlfield>
<controlfield tag="008">881026s1968    fr       b    000 0 fre</controlfield>
<datafield tag="010" ind1=" " ind2=" ">
<subfield code="a">73447435</subfield>
</datafield>
<datafield tag="035" ind1=" " ind2=" ">
<subfield code="a">(OCoLC)23390877</subfield>
</datafield>
<datafield tag="040" ind1=" " ind2=" ">
<subfield code="a">DLC</subfield>
<subfield code="b">eng</subfield>
<subfield code="c">DLC</subfield>
<subfield code="d">EYM</subfield>
<subfield code="d">MUQ</subfield>
<subfield code="d">OCLCF</subfield>
<subfield code="d">OCLCQ</subfield>
<subfield code="d">OCLCO</subfield>
<subfield code="d">OCLCQ</subfield>
<subfield code="d">ZYU</subfield>
</datafield>
<datafield tag="042" ind1=" " ind2=" ">
<subfield code="a">premarc</subfield>
</datafield>
<datafield tag="043" ind1=" " ind2=" ">
<subfield code="a">a-iq---</subfield>
</datafield>
<datafield tag="050" ind1="0" ind2="0">
<subfield code="a">PJ4</subfield>
<subfield code="b">.S64 no. 19</subfield>
</datafield>
<datafield tag="100" ind1="1" ind2=" ">
<subfield code="a">Virolleaud, Charles,</subfield>
<subfield code="d">1879-1968.</subfield>
</datafield>
<datafield tag="245" ind1="1" ind2="0">
<subfield code="a">Tablettes &#233;conomiques de Lagash (&#233;poque de la IIIe dynastie d'Ur), copi&#233;es en 1900 au Mus&#233;e imp&#233;rial ottoman /</subfield>
<subfield code="c">par Charles Virolleaud.</subfield>
</datafield>
<datafield tag="260" ind1=" " ind2=" ">
<subfield code="a">Paris (6e),</subfield>
<subfield code="b">Soci&#233;t&#233; asiatique, 3, rue Mazarine,</subfield>
<subfield code="c">1968.</subfield>
</datafield>
<datafield tag="300" ind1=" " ind2=" ">
<subfield code="a">195</subfield>
<subfield code="c">23 cm</subfield>
</datafield>
<datafield tag="336" ind1=" " ind2=" ">
<subfield code="a">text</subfield>
<subfield code="b">txt</subfield>
<subfield code="2">rdacontent</subfield>
</datafield>
<datafield tag="337" ind1=" " ind2=" ">
<subfield code="a">unmediated</subfield>
<subfield code="b">n</subfield>
<subfield code="2">rdamedia</subfield>
</datafield>
<datafield tag="338" ind1=" " ind2=" ">
<subfield code="a">volume</subfield>
<subfield code="b">nc</subfield>
<subfield code="2">rdacarrier</subfield>
</datafield>
<datafield tag="490" ind1="1" ind2=" ">
<subfield code="a">Cahiers de la Soci&#233;t&#233; asiatique ;</subfield>
<subfield code="v">19</subfield>
</datafield>
<datafield tag="500" ind1=" " ind2=" ">
<subfield code="a">ISAW copy is from the library of David I. Owen.</subfield>
<subfield code="5">NyNyUAW</subfield>
</datafield>
<datafield tag="504" ind1=" " ind2=" ">
<subfield code="a">Includes bibliographical references.</subfield>
</datafield>
<datafield tag="650" ind1=" " ind2="0">
<subfield code="a">Sumerian language</subfield>
<subfield code="v">Texts.</subfield>
</datafield>
<datafield tag="650" ind1=" " ind2="0">
<subfield code="a">Cuneiform tablets</subfield>
<subfield code="z">Iraq</subfield>
<subfield code="z">Lagash (Extinct city)</subfield>
</datafield>
<datafield tag="651" ind1=" " ind2="0">
<subfield code="a">Lagash (Extinct city)</subfield>
<subfield code="x">Economic conditions</subfield>
<subfield code="v">Sources.</subfield>
</datafield>
<datafield tag="651" ind1=" " ind2="0">
<subfield code="a">Babylonia</subfield>
<subfield code="x">Commerce.</subfield>
</datafield>
<datafield tag="651" ind1=" " ind2="7">
<subfield code="a">Lagash.</subfield>
<subfield code="2">pleiades</subfield>
<subfield code="0">https://pleiades.stoa.org/places/959120263</subfield>
</datafield>
<datafield tag="650" ind1=" " ind2="7">
<subfield code="a">Commerce.</subfield>
<subfield code="2">fast</subfield>
<subfield code="0">(OCoLC)fst00869279</subfield>
</datafield>
<datafield tag="650" ind1=" " ind2="7">
<subfield code="a">Sumerian language.</subfield>
<subfield code="2">fast</subfield>
<subfield code="0">(OCoLC)fst01138450</subfield>
</datafield>
<datafield tag="651" ind1=" " ind2="7">
<subfield code="a">Middle East</subfield>
<subfield code="z">Babylonia.</subfield>
<subfield code="2">fast</subfield>
<subfield code="0">(OCoLC)fst01219361</subfield>
</datafield>
<datafield tag="655" ind1=" " ind2="7">
<subfield code="a">Texts.</subfield>
<subfield code="2">fast</subfield>
<subfield code="0">(OCoLC)fst01423705</subfield>
</datafield>
<datafield tag="700" ind1="1" ind2=" ">
<subfield code="a">Owen, David I.,</subfield>
<subfield code="e">former owner.</subfield>
<subfield code="5">NyNyUAW</subfield>
</datafield>
<datafield tag="740" ind1="0" ind2=" ">
<subfield code="a">Owen Collection.</subfield>
<subfield code="5">NyNyUAW</subfield>
</datafield>
<datafield tag="776" ind1="0" ind2="8">
<subfield code="i">Online version:</subfield>
<subfield code="a">Virolleaud, Charles, 1879-1968.</subfield>
<subfield code="t">Tablettes &#233;conomiques de Lagash (&#233;poque de la IIIe dynastie d'Ur), copi&#233;es en 1900 au Mus&#233;e imp&#233;rial ottoman.</subfield>
<subfield code="d">Paris (6e), Soci&#233;t&#233; asiatique, 3, rue Mazarine, 1968</subfield>
<subfield code="w">(OCoLC)568747318</subfield>
</datafield>
<datafield tag="830" ind1=" " ind2="0">
<subfield code="a">Cahiers de la Soci&#233;t&#233; asiatique ;</subfield>
<subfield code="v">19.</subfield>
</datafield>
<datafield tag="OWN" ind1=" " ind2=" ">
<subfield code="a">GENERAL</subfield>
</datafield>
<datafield tag="AVA" ind1=" " ind2=" ">
<subfield code="a">NYU50</subfield>
<subfield code="b">NISAW</subfield>
<subfield code="c">Small Collection</subfield>
<subfield code="d">PJ4 .S64 no. 1968 Non-circulating</subfield>
<subfield code="e">available</subfield>
<subfield code="t">Available</subfield>
<subfield code="f">1</subfield>
<subfield code="g">0</subfield>
<subfield code="h">N</subfield>
<subfield code="i">0</subfield>
<subfield code="j">SMALL</subfield>
<subfield code="k">0</subfield>
</datafield>
</record>