<record xmlns="http://www.loc.gov/MARC21/slim" xmlns:xsi="http://www.w3.org/2001/XMLSchema-instance" xsi:schemaLocation="http://www.loc.gov/MARC21/slim http://www.loc.gov/standards/marcxml/schema/MARC21slim.xsd">
<leader>00000cam a2200565 a 4500</leader>
<controlfield tag="FMT">BK</controlfield>
<controlfield tag="LDR">00000cam a2200565 a 4500</controlfield>
<controlfield tag="001">003384508</controlfield>
<controlfield tag="003">OCoLC</controlfield>
<controlfield tag="005">20180703110253.0</controlfield>
<controlfield tag="008">101015s2009    be ah    b    000 0 fre d</controlfield>
<datafield tag="010" ind1=" " ind2=" ">
<subfield code="a">2010486296</subfield>
</datafield>
<datafield tag="020" ind1=" " ind2=" ">
<subfield code="a">9789042920224</subfield>
</datafield>
<datafield tag="020" ind1=" " ind2=" ">
<subfield code="a">904292022X</subfield>
</datafield>
<datafield tag="035" ind1=" " ind2=" ">
<subfield code="a">(OCoLC)247883847</subfield>
</datafield>
<datafield tag="040" ind1=" " ind2=" ">
<subfield code="a">ERASA</subfield>
<subfield code="c">ERASA</subfield>
<subfield code="d">OHX</subfield>
<subfield code="d">RBN</subfield>
<subfield code="d">BWX</subfield>
<subfield code="d">YDXCP</subfield>
<subfield code="d">CDX</subfield>
<subfield code="d">DEBBG</subfield>
<subfield code="d">TZT</subfield>
<subfield code="d">DLC</subfield>
</datafield>
<datafield tag="050" ind1="1" ind2="4">
<subfield code="a">PJ1571</subfield>
<subfield code="b">.L67 2009</subfield>
</datafield>
<datafield tag="050" ind1=" " ind2="4">
<subfield code="a">DT/CC</subfield>
</datafield>
<datafield tag="079" ind1=" " ind2=" ">
<subfield code="a">(OCoLC)247883847</subfield>
</datafield>
<datafield tag="082" ind1="0" ind2="4">
<subfield code="a">932-933</subfield>
</datafield>
<datafield tag="100" ind1="1" ind2=" ">
<subfield code="a">Lorand, David.</subfield>
</datafield>
<datafield tag="245" ind1="1" ind2="3">
<subfield code="a">Le papyrus dramatique du Ramesseum :</subfield>
<subfield code="b">&#233;tudes des structures de la composition /</subfield>
<subfield code="c">David Lorand ; edit&#233; par Argo, Centre d'&#233;tudes compar&#233;es des civilisations anciennes de l'Universit&#233; libre de Bruxelles.</subfield>
</datafield>
<datafield tag="260" ind1=" " ind2=" ">
<subfield code="a">Leuven :</subfield>
<subfield code="b">Peeters</subfield>
<subfield code="c">2009.</subfield>
</datafield>
<datafield tag="300" ind1=" " ind2=" ">
<subfield code="a">174 p. :</subfield>
<subfield code="b">ill., facsims. ;</subfield>
<subfield code="c">24 cm.</subfield>
</datafield>
<datafield tag="490" ind1="1" ind2=" ">
<subfield code="a">Lettres orientales ;</subfield>
<subfield code="v">13</subfield>
</datafield>
<datafield tag="504" ind1=" " ind2=" ">
<subfield code="a">Includes bibliographical references (p. [151]-155.</subfield>
</datafield>
<datafield tag="650" ind1=" " ind2="0">
<subfield code="a">Egyptian drama</subfield>
<subfield code="x">History and criticism.</subfield>
</datafield>
<datafield tag="650" ind1=" " ind2="0">
<subfield code="a">Egyptian language</subfield>
<subfield code="v">Papyri, Demotic.</subfield>
</datafield>
<datafield tag="610" ind1="2" ind2="0">
<subfield code="a">Ramesseum (Thebes, Egypt)</subfield>
</datafield>
<datafield tag="651" ind1=" " ind2="7">
<subfield code="a">Ramesseum.</subfield>
<subfield code="2">pleiades</subfield>
<subfield code="0">https://pleiades.stoa.org/places/963047542</subfield>
<subfield code="5">NyNyUAW</subfield>
</datafield>
<datafield tag="630" ind1="0" ind2="7">
<subfield code="a">Ramesseumpapyrus.</subfield>
<subfield code="2">swd</subfield>
</datafield>
<datafield tag="710" ind1="2" ind2=" ">
<subfield code="a">Argo (Universit&#233; libre de Bruxelles)</subfield>
</datafield>
<datafield tag="830" ind1=" " ind2="0">
<subfield code="a">Lettres orientales ;</subfield>
<subfield code="v">13.</subfield>
</datafield>
<datafield tag="OWN" ind1=" " ind2=" ">
<subfield code="a">GENERAL</subfield>
</datafield>
<datafield tag="AVA" ind1=" " ind2=" ">
<subfield code="a">NYU50</subfield>
<subfield code="b">NIFA</subfield>
<subfield code="c">Egyptian</subfield>
<subfield code="d">PJ1571 .L67 2009 Non-circulating</subfield>
<subfield code="e">available</subfield>
<subfield code="t">Available</subfield>
<subfield code="f">1</subfield>
<subfield code="g">0</subfield>
<subfield code="h">N</subfield>
<subfield code="i">0</subfield>
<subfield code="j">EGYPT</subfield>
<subfield code="k">0</subfield>
</datafield>
<datafield tag="AVA" ind1=" " ind2=" ">
<subfield code="a">NYU50</subfield>
<subfield code="b">NISAW</subfield>
<subfield code="c">Small Collection</subfield>
<subfield code="d">PJ1571 .L67 2009 Non-circulating</subfield>
<subfield code="e">available</subfield>
<subfield code="t">Available</subfield>
<subfield code="f">1</subfield>
<subfield code="g">0</subfield>
<subfield code="h">N</subfield>
<subfield code="i">0</subfield>
<subfield code="j">SMALL</subfield>
<subfield code="k">0</subfield>
</datafield>
</record>