<record xmlns="http://www.loc.gov/MARC21/slim" xmlns:xsi="http://www.w3.org/2001/XMLSchema-instance" xsi:schemaLocation="http://www.loc.gov/MARC21/slim http://www.loc.gov/standards/marcxml/schema/MARC21slim.xsd">
<leader>00000cam a22     I  4500</leader>
<controlfield tag="FMT">BK</controlfield>
<controlfield tag="LDR">00000cam a22     I  4500</controlfield>
<controlfield tag="001">006203556</controlfield>
<controlfield tag="005">20180703113615.0</controlfield>
<controlfield tag="008">180605s1886    ilu           000 0 eng</controlfield>
<datafield tag="010" ind1=" " ind2=" ">
<subfield code="a">   11018406</subfield>
</datafield>
<datafield tag="035" ind1=" " ind2=" ">
<subfield code="a">(OCoLC)5271716</subfield>
<subfield code="z">(OCoLC)978128850</subfield>
</datafield>
<datafield tag="040" ind1=" " ind2=" ">
<subfield code="a">DLC</subfield>
<subfield code="b">eng</subfield>
<subfield code="c">CLE</subfield>
<subfield code="d">OCLCQ</subfield>
<subfield code="d">KRTAS</subfield>
<subfield code="d">OCLCF</subfield>
<subfield code="d">OCLCQ</subfield>
<subfield code="d">OCLCO</subfield>
<subfield code="d">OCLCQ</subfield>
<subfield code="d">CNUTO</subfield>
<subfield code="d">ZYU</subfield>
</datafield>
<datafield tag="041" ind1="0" ind2=" ">
<subfield code="a">eng</subfield>
<subfield code="a">akk</subfield>
</datafield>
<datafield tag="050" ind1=" " ind2="4">
<subfield code="a">PJ3181</subfield>
<subfield code="b">.L8 1886</subfield>
</datafield>
<datafield tag="082" ind1="0" ind2="4">
<subfield code="a">132.19</subfield>
<subfield code="b">L98a</subfield>
</datafield>
<datafield tag="100" ind1="1" ind2=" ">
<subfield code="a">Lyon, D. G.</subfield>
</datafield>
<datafield tag="245" ind1="1" ind2="3">
<subfield code="a">An Assyrian manual :</subfield>
<subfield code="b">for the use of beginners in the study of the Assyrian language /</subfield>
<subfield code="c">by D.G. Lyon.</subfield>
</datafield>
<datafield tag="260" ind1=" " ind2=" ">
<subfield code="a">Chicago :</subfield>
<subfield code="b">American Publication Society of Hebrew,</subfield>
<subfield code="c">1886.</subfield>
</datafield>
<datafield tag="300" ind1=" " ind2=" ">
<subfield code="a">138</subfield>
<subfield code="c">24 cm</subfield>
</datafield>
<datafield tag="336" ind1=" " ind2=" ">
<subfield code="a">text</subfield>
<subfield code="b">txt</subfield>
<subfield code="2">rdacontent</subfield>
</datafield>
<datafield tag="337" ind1=" " ind2=" ">
<subfield code="a">unmediated</subfield>
<subfield code="b">n</subfield>
<subfield code="2">rdamedia</subfield>
</datafield>
<datafield tag="338" ind1=" " ind2=" ">
<subfield code="a">volume</subfield>
<subfield code="b">nc</subfield>
<subfield code="2">rdacarrier</subfield>
</datafield>
<datafield tag="505" ind1="0" ind2=" ">
<subfield code="a">List of signs -- Outline of grammar -- Transliterated texts -- Cuneiform texts -- Notes on the texts -- Glossary.</subfield>
</datafield>
<datafield tag="500" ind1=" " ind2=" ">
<subfield code="a">ISAW copy is from the library of David I. Owen.</subfield>
<subfield code="5">NyNyUAW</subfield>
</datafield>
<datafield tag="650" ind1=" " ind2="0">
<subfield code="a">Akkadian language</subfield>
<subfield code="x">Grammar.</subfield>
</datafield>
<datafield tag="650" ind1=" " ind2="0">
<subfield code="a">Akkadian language</subfield>
<subfield code="v">Readers.</subfield>
</datafield>
<datafield tag="651" ind1=" " ind2="7">
<subfield code="a">(As)Syria.</subfield>
<subfield code="2">pleiades</subfield>
<subfield code="0">https://pleiades.stoa.org/places/29492</subfield>
<subfield code="5">NyNyUAW</subfield>
</datafield>
<datafield tag="650" ind1=" " ind2="7">
<subfield code="a">Akkadian language.</subfield>
<subfield code="2">fast</subfield>
<subfield code="0">(OCoLC)fst00803982</subfield>
</datafield>
<datafield tag="650" ind1=" " ind2="7">
<subfield code="a">Akkadian language</subfield>
<subfield code="x">Grammar.</subfield>
<subfield code="2">fast</subfield>
<subfield code="0">(OCoLC)fst00803988</subfield>
</datafield>
<datafield tag="655" ind1=" " ind2="7">
<subfield code="a">Readers.</subfield>
<subfield code="2">fast</subfield>
<subfield code="0">(OCoLC)fst01423896</subfield>
</datafield>
<datafield tag="776" ind1="0" ind2="8">
<subfield code="i">Online version:</subfield>
<subfield code="a">Lyon, D.G.</subfield>
<subfield code="t">Assyrian manual.</subfield>
<subfield code="d">Chicago, American publication society of Hebrew, 1886</subfield>
<subfield code="w">(OCoLC)656928168</subfield>
</datafield>
<datafield tag="700" ind1="1" ind2=" ">
<subfield code="a">Owen, David I.,</subfield>
<subfield code="e">former owner.</subfield>
<subfield code="5">NyNyUAW</subfield>
</datafield>
<datafield tag="740" ind1="0" ind2=" ">
<subfield code="a">Owen Collection.</subfield>
<subfield code="5">NyNyUAW</subfield>
</datafield>
<datafield tag="856" ind1="4" ind2="1">
<subfield code="u">https://archive.org/details/assyrianmanualfo00lyonuoft</subfield>
</datafield>
<datafield tag="OWN" ind1=" " ind2=" ">
<subfield code="a">GENERAL</subfield>
</datafield>
<datafield tag="AVA" ind1=" " ind2=" ">
<subfield code="a">NYU50</subfield>
<subfield code="b">NISAW</subfield>
<subfield code="c">Small Collection</subfield>
<subfield code="d">PJ3181 .L8 1886 Non-circulating</subfield>
<subfield code="e">available</subfield>
<subfield code="t">Available</subfield>
<subfield code="f">1</subfield>
<subfield code="g">0</subfield>
<subfield code="h">N</subfield>
<subfield code="i">0</subfield>
<subfield code="j">SMALL</subfield>
<subfield code="k">0</subfield>
</datafield>
</record>