<record xmlns="http://www.loc.gov/MARC21/slim" xmlns:xsi="http://www.w3.org/2001/XMLSchema-instance" xsi:schemaLocation="http://www.loc.gov/MARC21/slim http://www.loc.gov/standards/marcxml/schema/MARC21slim.xsd">
<leader>00000cam a22     1i 4500</leader>
<controlfield tag="FMT">BK</controlfield>
<controlfield tag="LDR">00000cam a22     1i 4500</controlfield>
<controlfield tag="001">006218116</controlfield>
<controlfield tag="005">20180703114353.0</controlfield>
<controlfield tag="008">180627s1926    gw       bd   000 0 ger</controlfield>
<datafield tag="010" ind1=" " ind2=" ">
<subfield code="a">   28000179</subfield>
</datafield>
<datafield tag="035" ind1=" " ind2=" ">
<subfield code="a">(OCoLC)993279</subfield>
</datafield>
<datafield tag="040" ind1=" " ind2=" ">
<subfield code="a">DLC</subfield>
<subfield code="b">eng</subfield>
<subfield code="c">DLC</subfield>
<subfield code="d">OUN</subfield>
<subfield code="d">NLGGC</subfield>
<subfield code="d">LVB</subfield>
<subfield code="d">STF</subfield>
<subfield code="d">MOF</subfield>
<subfield code="d">BRL</subfield>
<subfield code="d">GEBAY</subfield>
<subfield code="d">GBVCP</subfield>
<subfield code="d">OCLCO</subfield>
<subfield code="d">OCLCF</subfield>
<subfield code="d">OCLCQ</subfield>
<subfield code="d">OCLCO</subfield>
<subfield code="d">DEBBG</subfield>
<subfield code="d">OCLCQ</subfield>
<subfield code="d">JPG</subfield>
<subfield code="d">OCLCO</subfield>
<subfield code="d">OCLCQ</subfield>
<subfield code="d">ZYU</subfield>
</datafield>
<datafield tag="041" ind1="0" ind2=" ">
<subfield code="a">akk</subfield>
<subfield code="a">ger</subfield>
</datafield>
<datafield tag="042" ind1=" " ind2=" ">
<subfield code="a">premarc</subfield>
</datafield>
<datafield tag="050" ind1="0" ind2="4">
<subfield code="a">PJ3540</subfield>
<subfield code="b">.B49 1926</subfield>
</datafield>
<datafield tag="050" ind1="0" ind2="0">
<subfield code="a">PJ3540</subfield>
<subfield code="b">.B49x 1926</subfield>
</datafield>
<datafield tag="082" ind1="0" ind2="4">
<subfield code="a">492.19</subfield>
</datafield>
<datafield tag="084" ind1=" " ind2=" ">
<subfield code="a">18.70</subfield>
<subfield code="2">bcl</subfield>
</datafield>
<datafield tag="084" ind1=" " ind2=" ">
<subfield code="a">18.08</subfield>
<subfield code="2">bcl</subfield>
</datafield>
<datafield tag="084" ind1=" " ind2=" ">
<subfield code="a">6,23</subfield>
<subfield code="2">ssgn</subfield>
</datafield>
<datafield tag="084" ind1=" " ind2=" ">
<subfield code="a">AH 54000</subfield>
<subfield code="2">rvk</subfield>
</datafield>
<datafield tag="084" ind1=" " ind2=" ">
<subfield code="a">AH 54110</subfield>
<subfield code="2">rvk</subfield>
</datafield>
<datafield tag="084" ind1=" " ind2=" ">
<subfield code="a">BC 1040</subfield>
<subfield code="2">rvk</subfield>
</datafield>
<datafield tag="084" ind1=" " ind2=" ">
<subfield code="a">EM 1600</subfield>
<subfield code="2">rvk</subfield>
</datafield>
<datafield tag="100" ind1="1" ind2=" ">
<subfield code="a">Bezold, Carl,</subfield>
<subfield code="d">1859-1922.</subfield>
</datafield>
<datafield tag="245" ind1="1" ind2="0">
<subfield code="a">Babylonisch-assyrisches Glossar /</subfield>
<subfield code="c">von Carl Bezold ; nach dem Tode des Verfassers unter Mitwirkung von Adele Bezold, zum Druck gebracht von Albrecht G&#246;tze.</subfield>
</datafield>
<datafield tag="260" ind1=" " ind2=" ">
<subfield code="a">Heidelberg :</subfield>
<subfield code="b">Carl Winter,</subfield>
<subfield code="c">1926.</subfield>
</datafield>
<datafield tag="300" ind1=" " ind2=" ">
<subfield code="a">343</subfield>
<subfield code="c">27 cm</subfield>
</datafield>
<datafield tag="336" ind1=" " ind2=" ">
<subfield code="a">text</subfield>
<subfield code="b">txt</subfield>
<subfield code="2">rdacontent</subfield>
</datafield>
<datafield tag="337" ind1=" " ind2=" ">
<subfield code="a">unmediated</subfield>
<subfield code="b">n</subfield>
<subfield code="2">rdamedia</subfield>
</datafield>
<datafield tag="338" ind1=" " ind2=" ">
<subfield code="a">volume</subfield>
<subfield code="b">nc</subfield>
<subfield code="2">rdacarrier</subfield>
</datafield>
<datafield tag="504" ind1=" " ind2=" ">
<subfield code="a">Includes bibliographical references (pages iv-vii).</subfield>
</datafield>
<datafield tag="500" ind1=" " ind2=" ">
<subfield code="a">ISAW copy is from the library of David I. Owen.</subfield>
<subfield code="5">NyNyUAW</subfield>
</datafield>
<datafield tag="650" ind1=" " ind2="0">
<subfield code="a">Akkadian language</subfield>
<subfield code="v">Glossaries, vocabularies, etc.</subfield>
</datafield>
<datafield tag="651" ind1=" " ind2="7">
<subfield code="a">(As)Syria.</subfield>
<subfield code="2">pleiades</subfield>
<subfield code="0">https://pleiades.stoa.org/places/29492</subfield>
<subfield code="5">NyNyUAW</subfield>
</datafield>
<datafield tag="650" ind1=" " ind2="7">
<subfield code="a">Akkadian language.</subfield>
<subfield code="2">fast</subfield>
<subfield code="0">(OCoLC)fst00803982</subfield>
</datafield>
<datafield tag="650" ind1=" " ind2="7">
<subfield code="a">Akkadisch.</subfield>
<subfield code="2">gnd</subfield>
<subfield code="0">(DE-588)4084837-1</subfield>
</datafield>
<datafield tag="650" ind1=" " ind2="7">
<subfield code="a">Deutsch.</subfield>
<subfield code="2">gnd</subfield>
<subfield code="0">(DE-588)4113292-0</subfield>
</datafield>
<datafield tag="650" ind1=" " ind2="7">
<subfield code="a">W&#246;rterbuch.</subfield>
<subfield code="2">gnd</subfield>
<subfield code="0">(DE-588)4066724-8</subfield>
</datafield>
<datafield tag="655" ind1=" " ind2="7">
<subfield code="a">Glossaries, vocabularies, etc.</subfield>
<subfield code="2">fast</subfield>
<subfield code="0">(OCoLC)fst01423786</subfield>
</datafield>
<datafield tag="700" ind1="1" ind2=" ">
<subfield code="a">G&#246;tze, Albrecht,</subfield>
<subfield code="d">1897-1971,</subfield>
<subfield code="e">editor.</subfield>
</datafield>
<datafield tag="700" ind1="1" ind2=" ">
<subfield code="a">Bezold, Adele.</subfield>
</datafield>
<datafield tag="700" ind1="1" ind2=" ">
<subfield code="a">Owen, David I.,</subfield>
<subfield code="e">former owner.</subfield>
<subfield code="5">NyNyUAW</subfield>
</datafield>
<datafield tag="740" ind1="0" ind2=" ">
<subfield code="a">Owen Collection.</subfield>
<subfield code="5">NyNyUAW</subfield>
</datafield>
<datafield tag="776" ind1="0" ind2="8">
<subfield code="i">Online version:</subfield>
<subfield code="a">Bezold, Carl, 1859-1922.</subfield>
<subfield code="t">Babylonisch-assyrisches Glossar.</subfield>
<subfield code="d">Heidelberg, C. Winter, 1926</subfield>
<subfield code="w">(OCoLC)654351293</subfield>
</datafield>
<datafield tag="OWN" ind1=" " ind2=" ">
<subfield code="a">GENERAL</subfield>
</datafield>
<datafield tag="AVA" ind1=" " ind2=" ">
<subfield code="a">NYU50</subfield>
<subfield code="b">NISAW</subfield>
<subfield code="c">Reference 4 Collection</subfield>
<subfield code="d">PJ3540 .B49 1926 Non-circulating</subfield>
<subfield code="e">available</subfield>
<subfield code="t">Available</subfield>
<subfield code="f">1</subfield>
<subfield code="g">0</subfield>
<subfield code="h">N</subfield>
<subfield code="i">0</subfield>
<subfield code="j">REF4</subfield>
<subfield code="k">0</subfield>
</datafield>
</record>