<record xmlns="http://www.loc.gov/MARC21/slim" xmlns:xsi="http://www.w3.org/2001/XMLSchema-instance" xsi:schemaLocation="http://www.loc.gov/MARC21/slim http://www.loc.gov/standards/marcxml/schema/MARC21slim.xsd">
<leader>00000cam a22003131  4500</leader>
<controlfield tag="FMT">BK</controlfield>
<controlfield tag="LDR">00000cam a22003131  4500</controlfield>
<controlfield tag="001">002853574</controlfield>
<controlfield tag="003">NNU</controlfield>
<controlfield tag="005">20180703113133.0</controlfield>
<controlfield tag="008">180605s1956    is       d    000 0 eng</controlfield>
<datafield tag="035" ind1="9" ind2=" ">
<subfield code="a">NYUb10567635</subfield>
</datafield>
<datafield tag="035" ind1=" " ind2=" ">
<subfield code="a">(CStRLIN)NYUG87-B26028</subfield>
</datafield>
<datafield tag="035" ind1=" " ind2=" ">
<subfield code="a">GLIS005676356</subfield>
</datafield>
<datafield tag="040" ind1=" " ind2=" ">
<subfield code="a">NNU</subfield>
<subfield code="c">NNU</subfield>
</datafield>
<datafield tag="079" ind1=" " ind2=" ">
<subfield code="a">(OCoLC)27791915</subfield>
</datafield>
<datafield tag="090" ind1=" " ind2=" ">
<subfield code="i">08/17/87 T</subfield>
<subfield code="h">08/11/87 T</subfield>
</datafield>
<datafield tag="100" ind1="1" ind2=" ">
<subfield code="a">Segal, M. H.</subfield>
<subfield code="q">(Moses Hirsch),</subfield>
<subfield code="d">1876-1968.</subfield>
</datafield>
<datafield tag="245" ind1="1" ind2="0">
<subfield code="a">Compendious Hebrew-English dictionary :</subfield>
<subfield code="b">comprising a complete vocabulary of biblical, Mishnaic, medieval and modern Hebrew /</subfield>
<subfield code="c">compiled by Reuben Grossman in collaboration with H. Sachs.</subfield>
</datafield>
<datafield tag="250" ind1=" " ind2=" ">
<subfield code="a">Revised and edited by M. H. Segal.</subfield>
</datafield>
<datafield tag="260" ind1=" " ind2=" ">
<subfield code="a">Tel Aviv :</subfield>
<subfield code="b">Dvir Publ. Co.</subfield>
<subfield code="c">[1956]</subfield>
</datafield>
<datafield tag="300" ind1=" " ind2=" ">
<subfield code="a">423 p.</subfield>
<subfield code="c">25 cm.</subfield>
</datafield>
<datafield tag="500" ind1=" " ind2=" ">
<subfield code="a">Added t.-p. in Hebrew.</subfield>
</datafield>
<datafield tag="500" ind1=" " ind2=" ">
<subfield code="a">Bobst copy 1 bound with: Kaufman, Judah Ibn-Shmuel, ed. English-Hebrew dictionary. 1956.</subfield>
<subfield code="5">NNU</subfield>
</datafield>
<datafield tag="500" ind1=" " ind2=" ">
<subfield code="a">ISAW copy is from the library of David I. Owen.</subfield>
<subfield code="5">NyNyUAW</subfield>
</datafield>
<datafield tag="650" ind1=" " ind2="0">
<subfield code="a">Hebrew language</subfield>
<subfield code="v">Dictionaries</subfield>
<subfield code="x">English.</subfield>
</datafield>
<datafield tag="700" ind1="1" ind2=" ">
<subfield code="a">Sachs, H.</subfield>
</datafield>
<datafield tag="700" ind1="1" ind2=" ">
<subfield code="a">Segal, M. H.</subfield>
<subfield code="q">(Moses Hirsch),</subfield>
<subfield code="d">1876-1968.</subfield>
</datafield>
<datafield tag="700" ind1="1" ind2=" ">
<subfield code="a">Owen, David I.,</subfield>
<subfield code="e">former owner.</subfield>
<subfield code="5">NyNyUAW</subfield>
</datafield>
<datafield tag="740" ind1="0" ind2=" ">
<subfield code="a">Owen Collection.</subfield>
<subfield code="5">NyNyUAW</subfield>
</datafield>
<datafield tag="OWN" ind1=" " ind2=" ">
<subfield code="a">GENERAL</subfield>
</datafield>
<datafield tag="903" ind1=" " ind2=" ">
<subfield code="a">OLD</subfield>
</datafield>
<datafield tag="950" ind1=" " ind2=" ">
<subfield code="l">BREF</subfield>
<subfield code="a">PJ4833</subfield>
<subfield code="b">.K3 1956</subfield>
<subfield code="f">MANUAL</subfield>
<subfield code="h">08/11/87 N</subfield>
</datafield>
<datafield tag="950" ind1=" " ind2=" ">
<subfield code="l">BMAIN</subfield>
<subfield code="a">PJ4833</subfield>
<subfield code="b">.K3 1956</subfield>
<subfield code="f">MANUAL</subfield>
<subfield code="h">08/11/87 N</subfield>
</datafield>
<datafield tag="955" ind1=" " ind2=" ">
<subfield code="l">BREF</subfield>
<subfield code="c">1</subfield>
<subfield code="r">016129366</subfield>
<subfield code="u">Tr.fr. BMAIN</subfield>
<subfield code="h">08/11/87 C</subfield>
</datafield>
<datafield tag="955" ind1=" " ind2=" ">
<subfield code="l">BMAIN</subfield>
<subfield code="c">2</subfield>
<subfield code="h">08/11/87 C</subfield>
</datafield>
<datafield tag="998" ind1=" " ind2=" ">
<subfield code="a">08/17/87</subfield>
<subfield code="t">c</subfield>
<subfield code="s">9124</subfield>
<subfield code="n">NNU</subfield>
<subfield code="w">NYUG87B26028</subfield>
<subfield code="d">08/11/87</subfield>
<subfield code="b">JR</subfield>
<subfield code="i">870817</subfield>
<subfield code="h">870811</subfield>
<subfield code="l">NYUG</subfield>
</datafield>
<datafield tag="AVA" ind1=" " ind2=" ">
<subfield code="a">NYU50</subfield>
<subfield code="b">BOBST</subfield>
<subfield code="c">1st Floor Reference</subfield>
<subfield code="d">PJ4833 .K3 1956 Non-circulating</subfield>
<subfield code="e">available</subfield>
<subfield code="t">Available</subfield>
<subfield code="f">1</subfield>
<subfield code="g">0</subfield>
<subfield code="h">N</subfield>
<subfield code="i">0</subfield>
<subfield code="j">REF1</subfield>
<subfield code="k">0</subfield>
</datafield>
<datafield tag="AVA" ind1=" " ind2=" ">
<subfield code="a">NYU50</subfield>
<subfield code="b">NISAW</subfield>
<subfield code="c">Reference 4 Collection</subfield>
<subfield code="d">PJ4833 .K3 1952 Non-circulating</subfield>
<subfield code="e">available</subfield>
<subfield code="t">Available</subfield>
<subfield code="f">1</subfield>
<subfield code="g">0</subfield>
<subfield code="h">N</subfield>
<subfield code="i">0</subfield>
<subfield code="j">REF4</subfield>
<subfield code="k">0</subfield>
</datafield>
</record>