<record xmlns="http://www.loc.gov/MARC21/slim" xmlns:xsi="http://www.w3.org/2001/XMLSchema-instance" xsi:schemaLocation="http://www.loc.gov/MARC21/slim http://www.loc.gov/standards/marcxml/schema/MARC21slim.xsd">
<leader>00000nam a22     Ki 4500</leader>
<controlfield tag="FMT">BK</controlfield>
<controlfield tag="LDR">00000nam a22     Ki 4500</controlfield>
<controlfield tag="001">006203524</controlfield>
<controlfield tag="003">OCoLC</controlfield>
<controlfield tag="005">20180703103340.0</controlfield>
<controlfield tag="008">180605s1981    tu d          000 0 tur d</controlfield>
<datafield tag="035" ind1=" " ind2=" ">
<subfield code="a">(OCoLC)1038721590</subfield>
</datafield>
<datafield tag="040" ind1=" " ind2=" ">
<subfield code="a">ZYU</subfield>
<subfield code="b">eng</subfield>
<subfield code="e">rda</subfield>
<subfield code="c">ZYU</subfield>
</datafield>
<datafield tag="043" ind1=" " ind2=" ">
<subfield code="a">a-tu---</subfield>
</datafield>
<datafield tag="050" ind1=" " ind2="4">
<subfield code="a">QE537.2.T9</subfield>
<subfield code="b">S69 1981</subfield>
</datafield>
<datafield tag="100" ind1="1" ind2=" ">
<subfield code="a">Soysal, H&#252;seyin,</subfield>
<subfield code="e">author.</subfield>
</datafield>
<datafield tag="245" ind1="1" ind2="0">
<subfield code="a">T&#252;rkiye ve &#231;evresinin tarihsel deprem katalo&#287;u (M.&#214;. 2100 - M.S. 1900) /</subfield>
<subfield code="c">H. Soysal, S. Sipahio&#287;lu, D. Kol&#231;ak, Y. Alt&#305;nok.</subfield>
</datafield>
<datafield tag="264" ind1=" " ind2="1">
<subfield code="a">Istanbul :</subfield>
<subfield code="b">T&#220;B&#304;TAK,</subfield>
<subfield code="c">1981.</subfield>
</datafield>
<datafield tag="300" ind1=" " ind2=" ">
<subfield code="a">86 pages :</subfield>
<subfield code="b">charts ;</subfield>
<subfield code="c">21 cm.</subfield>
</datafield>
<datafield tag="336" ind1=" " ind2=" ">
<subfield code="a">text</subfield>
<subfield code="2">rdacontent</subfield>
</datafield>
<datafield tag="337" ind1=" " ind2=" ">
<subfield code="a">unmediated</subfield>
<subfield code="2">rdamedia</subfield>
</datafield>
<datafield tag="338" ind1=" " ind2=" ">
<subfield code="a">volume</subfield>
<subfield code="2">rdacarrier</subfield>
</datafield>
<datafield tag="490" ind1="0" ind2=" ">
<subfield code="a">T&#220;B&#304;TAK yay&#305;nlar&#305; ;</subfield>
<subfield code="v">563</subfield>
</datafield>
<datafield tag="546" ind1=" " ind2=" ">
<subfield code="a">In Turkish.</subfield>
</datafield>
<datafield tag="650" ind1=" " ind2="0">
<subfield code="a">Earthquakes</subfield>
<subfield code="z">Turkey</subfield>
<subfield code="x">History.</subfield>
</datafield>
<datafield tag="650" ind1=" " ind2="0">
<subfield code="a">Earthquakes</subfield>
<subfield code="z">Turkey.</subfield>
</datafield>
<datafield tag="651" ind1=" " ind2="7">
<subfield code="a">Asia Minor.</subfield>
<subfield code="2">pleiades</subfield>
<subfield code="0">https://pleiades.stoa.org/places/837</subfield>
<subfield code="5">NyNyUAW</subfield>
</datafield>
<datafield tag="700" ind1="1" ind2=" ">
<subfield code="a">Sipahio&#287;lu, Sel&#231;uk,</subfield>
<subfield code="e">author.</subfield>
</datafield>
<datafield tag="700" ind1="1" ind2=" ">
<subfield code="a">Kol&#231;ak, Demir,</subfield>
<subfield code="e">author.</subfield>
</datafield>
<datafield tag="700" ind1="1" ind2=" ">
<subfield code="a">Alt&#305;nok, Y&#305;ld&#305;z,</subfield>
<subfield code="e">author.</subfield>
</datafield>
<datafield tag="994" ind1=" " ind2=" ">
<subfield code="a">C0</subfield>
<subfield code="b">ZYU</subfield>
</datafield>
<datafield tag="OWN" ind1=" " ind2=" ">
<subfield code="a">GENERAL</subfield>
</datafield>
<datafield tag="AVA" ind1=" " ind2=" ">
<subfield code="a">NYU50</subfield>
<subfield code="b">NISAW</subfield>
<subfield code="c">Large Collection</subfield>
<subfield code="d">QE537.2.T9 S69 1981 Non-circulating</subfield>
<subfield code="e">available</subfield>
<subfield code="t">Available</subfield>
<subfield code="f">1</subfield>
<subfield code="g">0</subfield>
<subfield code="h">N</subfield>
<subfield code="i">0</subfield>
<subfield code="j">LARGE</subfield>
<subfield code="k">0</subfield>
</datafield>
</record>