<record xmlns="http://www.loc.gov/MARC21/slim" xmlns:xsi="http://www.w3.org/2001/XMLSchema-instance" xsi:schemaLocation="http://www.loc.gov/MARC21/slim http://www.loc.gov/standards/marcxml/schema/MARC21slim.xsd">
<leader>00000cam a22     Ii 4500</leader>
<controlfield tag="FMT">BK</controlfield>
<controlfield tag="LDR">00000cam a22     Ii 4500</controlfield>
<controlfield tag="001">006207452</controlfield>
<controlfield tag="005">20180622155304.0</controlfield>
<controlfield tag="008">180615t20162016ru a     c    000 0 rus d</controlfield>
<datafield tag="020" ind1=" " ind2=" ">
<subfield code="a">9785298031790</subfield>
</datafield>
<datafield tag="020" ind1=" " ind2=" ">
<subfield code="a">529803179X</subfield>
</datafield>
<datafield tag="035" ind1=" " ind2=" ">
<subfield code="a">(OCoLC)1007993293</subfield>
</datafield>
<datafield tag="040" ind1=" " ind2=" ">
<subfield code="a">PAU</subfield>
<subfield code="b">eng</subfield>
<subfield code="e">rda</subfield>
<subfield code="c">PAU</subfield>
<subfield code="d">AZS</subfield>
<subfield code="d">WAU</subfield>
<subfield code="d">PAU</subfield>
<subfield code="d">NNU</subfield>
</datafield>
<datafield tag="043" ind1=" " ind2=" ">
<subfield code="a">e-urr--</subfield>
<subfield code="a">e-ru---</subfield>
</datafield>
<datafield tag="050" ind1=" " ind2="4">
<subfield code="a">U820.R9</subfield>
<subfield code="b">I95 2016</subfield>
</datafield>
<datafield tag="100" ind1="1" ind2=" ">
<subfield code="6">880-01</subfield>
<subfield code="a">Izma&#301;lov, I. L.,</subfield>
<subfield code="e">author.</subfield>
</datafield>
<datafield tag="245" ind1="1" ind2="0">
<subfield code="6">880-02</subfield>
<subfield code="a">Dukh voina :</subfield>
<subfield code="b">ot skifov do Zoloto&#301; Ordy : vooruzhenie i konskoe snari&#865;azhenie iz Zapadnogo Predkavkaz&#697;i&#865;a po materialam chastnykh kollekt&#865;sii A.V. Mishen&#697;kina i I&#865;U.V. Smykova, predstavlennykh v Shabanovskom narodnom muzee : katalog vystavki /</subfield>
<subfield code="c">avtor-sostavitel&#697; I.L. Izma&#301;lov ; khudozhnik V.M. Blokhin ; rekonstrukt&#865;sii skul&#697;ptor A.I. Bochkar&#235;v.</subfield>
</datafield>
<datafield tag="264" ind1=" " ind2="1">
<subfield code="6">880-03</subfield>
<subfield code="a">Kazan&#697; :</subfield>
<subfield code="b">Tatarskoe knizhnoe izdatel&#697;stvo,</subfield>
<subfield code="c">2016.</subfield>
</datafield>
<datafield tag="264" ind1=" " ind2="4">
<subfield code="c">&#169;2016</subfield>
</datafield>
<datafield tag="300" ind1=" " ind2=" ">
<subfield code="a">71 pages :</subfield>
<subfield code="b">color illustrations ;</subfield>
<subfield code="c">30 cm</subfield>
</datafield>
<datafield tag="336" ind1=" " ind2=" ">
<subfield code="a">text</subfield>
<subfield code="b">txt</subfield>
<subfield code="2">rdacontent</subfield>
</datafield>
<datafield tag="336" ind1=" " ind2=" ">
<subfield code="a">still image</subfield>
<subfield code="b">sti</subfield>
<subfield code="2">rdacontent</subfield>
</datafield>
<datafield tag="337" ind1=" " ind2=" ">
<subfield code="a">unmediated</subfield>
<subfield code="b">n</subfield>
<subfield code="2">rdamedia</subfield>
</datafield>
<datafield tag="338" ind1=" " ind2=" ">
<subfield code="a">volume</subfield>
<subfield code="b">nc</subfield>
<subfield code="2">rdacarrier</subfield>
</datafield>
<datafield tag="500" ind1=" " ind2=" ">
<subfield code="a">Catalog of an exhibition at Kazanski&#301; Kreml&#697;, 30 January through 10 April 2016.</subfield>
</datafield>
<datafield tag="500" ind1=" " ind2=" ">
<subfield code="6">880-04</subfield>
<subfield code="a">At head of title: Gosudarstvenny&#301; istoriko-arkhitekturny&#301; i khudozhestvenny&#301; muze&#301;-zapovednik "Kazanski&#301; Kreml&#697;".</subfield>
</datafield>
<datafield tag="600" ind1="1" ind2="0">
<subfield code="6">880-05</subfield>
<subfield code="a">Blokhin, Valeri&#301;,</subfield>
<subfield code="d">1964-</subfield>
<subfield code="v">Exhibitions.</subfield>
</datafield>
<datafield tag="600" ind1="1" ind2="0">
<subfield code="6">880-06</subfield>
<subfield code="a">Bochkarev, A. I.</subfield>
<subfield code="q">(Aleksandr I.)</subfield>
<subfield code="c">(Sculptor)</subfield>
<subfield code="v">Exhibitions.</subfield>
</datafield>
<datafield tag="600" ind1="1" ind2="0">
<subfield code="6">880-07</subfield>
<subfield code="a">Mishen&#697;kin, A. V.</subfield>
<subfield code="q">(Andre&#301; V.)</subfield>
<subfield code="x">Art collections</subfield>
<subfield code="v">Exhibitions.</subfield>
</datafield>
<datafield tag="600" ind1="1" ind2="0">
<subfield code="6">880-08</subfield>
<subfield code="a">Smykov, I&#865;U. V.</subfield>
<subfield code="q">(I&#865;Uri&#301; V.)</subfield>
<subfield code="x">Art collections</subfield>
<subfield code="v">Exhibitions.</subfield>
</datafield>
<datafield tag="650" ind1=" " ind2="0">
<subfield code="a">Weapons</subfield>
<subfield code="z">Russia (Federation)</subfield>
<subfield code="z">Caucasus, Northern</subfield>
<subfield code="v">Exhibitions.</subfield>
</datafield>
<datafield tag="650" ind1=" " ind2="0">
<subfield code="a">Armor, Ancient</subfield>
<subfield code="z">Russia (Federation)</subfield>
<subfield code="z">Caucasus, Northern</subfield>
<subfield code="v">Exhibitions.</subfield>
</datafield>
<datafield tag="650" ind1=" " ind2="0">
<subfield code="a">Weapons, Ancient</subfield>
<subfield code="z">Russia (Federation)</subfield>
<subfield code="z">Caucasus, Northern</subfield>
<subfield code="v">Exhibitions.</subfield>
</datafield>
<datafield tag="650" ind1=" " ind2="0">
<subfield code="a">Armor, Medieval</subfield>
<subfield code="z">Russia (Federation)</subfield>
<subfield code="z">Caucasus, Northern</subfield>
<subfield code="v">Exhibitions.</subfield>
</datafield>
<datafield tag="650" ind1=" " ind2="0">
<subfield code="a">Weapons, Ancient</subfield>
<subfield code="x">Private collections</subfield>
<subfield code="z">Russia (Federation)</subfield>
<subfield code="v">Exhibitions.</subfield>
</datafield>
<datafield tag="650" ind1=" " ind2="0">
<subfield code="a">Weapons, Scythian</subfield>
<subfield code="v">Exhibitions.</subfield>
</datafield>
<datafield tag="650" ind1=" " ind2="0">
<subfield code="a">Cavalry</subfield>
<subfield code="z">Russia (Federation)</subfield>
<subfield code="z">Caucasus, Northern</subfield>
<subfield code="x">History</subfield>
<subfield code="v">Exhibitions.</subfield>
</datafield>
<datafield tag="650" ind1=" " ind2="0">
<subfield code="a">War horses</subfield>
<subfield code="z">Russia (Federation)</subfield>
<subfield code="z">Caucasus, Northern</subfield>
<subfield code="x">History</subfield>
<subfield code="v">Exhibitions.</subfield>
</datafield>
<datafield tag="650" ind1=" " ind2="0">
<subfield code="a">Weapons in art</subfield>
<subfield code="v">Exhibitions.</subfield>
</datafield>
<datafield tag="650" ind1=" " ind2="0">
<subfield code="a">Scythians</subfield>
<subfield code="x">Antiquities</subfield>
<subfield code="v">Exhibitions.</subfield>
</datafield>
<datafield tag="651" ind1=" " ind2="0">
<subfield code="a">Golden Horde</subfield>
<subfield code="x">History, Military</subfield>
<subfield code="v">Exhibitions.</subfield>
</datafield>
<datafield tag="651" ind1=" " ind2="0">
<subfield code="a">Caucasus, Northern (Russia)</subfield>
<subfield code="x">Antiquities</subfield>
<subfield code="v">Exhibitions.</subfield>
</datafield>
<datafield tag="700" ind1="1" ind2=" ">
<subfield code="6">880-09</subfield>
<subfield code="a">Smykov, I&#865;U. V.</subfield>
<subfield code="q">(I&#865;Uri&#301; V.),</subfield>
<subfield code="e">collector.</subfield>
</datafield>
<datafield tag="700" ind1="1" ind2=" ">
<subfield code="6">880-10</subfield>
<subfield code="a">Mishen&#697;kin, A. V.</subfield>
<subfield code="q">(Andre&#301; V.),</subfield>
<subfield code="e">collector.</subfield>
</datafield>
<datafield tag="700" ind1="1" ind2="2">
<subfield code="6">880-11</subfield>
<subfield code="a">Bochkarev, A. I.</subfield>
<subfield code="q">(Aleksandr I.)</subfield>
<subfield code="c">(Sculptor).</subfield>
<subfield code="t">Sculpture.</subfield>
<subfield code="k">Selections.</subfield>
<subfield code="f">2016.</subfield>
</datafield>
<datafield tag="700" ind1="1" ind2="2">
<subfield code="6">880-12</subfield>
<subfield code="a">Blokhin, Valeri&#301;,</subfield>
<subfield code="d">1964-</subfield>
<subfield code="t">Works.</subfield>
<subfield code="k">Selections.</subfield>
<subfield code="f">2016.</subfield>
</datafield>
<datafield tag="710" ind1="2" ind2=" ">
<subfield code="6">880-13</subfield>
<subfield code="a">Shabanovski&#301; narodny&#301; muze&#301;,</subfield>
<subfield code="e">owner.</subfield>
</datafield>
<datafield tag="710" ind1="2" ind2=" ">
<subfield code="6">880-14</subfield>
<subfield code="a">Gosudarstvenny&#301; istoriko-arkhitekturny&#301; i khudozhestvenny&#301; muze&#301;-zapovednik "Kazanski&#301; Kreml&#697;",</subfield>
<subfield code="e">host institution.</subfield>
</datafield>
<datafield tag="880" ind1="1" ind2=" ">
<subfield code="6">100-01/</subfield>
<subfield code="a">&#1048;&#1079;&#1084;&#1072;&#1081;&#1083;&#1086;&#1074;, &#1048;. &#1051;.,</subfield>
<subfield code="e">author.</subfield>
</datafield>
<datafield tag="880" ind1="1" ind2="0">
<subfield code="6">245-02/</subfield>
<subfield code="a">&#1044;&#1091;&#1093; &#1074;&#1086;&#1080;&#1085;&#1072; :</subfield>
<subfield code="b">&#1086;&#1090; &#1089;&#1082;&#1080;&#1092;&#1086;&#1074; &#1076;&#1086; &#1047;&#1086;&#1083;&#1086;&#1090;&#1086;&#1081; &#1054;&#1088;&#1076;&#1099; : &#1074;&#1086;&#1086;&#1088;&#1091;&#1078;&#1077;&#1085;&#1080;&#1077; &#1080; &#1082;&#1086;&#1085;&#1089;&#1082;&#1086;&#1077; &#1089;&#1085;&#1072;&#1088;&#1103;&#1078;&#1077;&#1085;&#1080;&#1077; &#1080;&#1079; &#1047;&#1072;&#1087;&#1072;&#1076;&#1085;&#1086;&#1075;&#1086; &#1055;&#1088;&#1077;&#1076;&#1082;&#1072;&#1074;&#1082;&#1072;&#1079;&#1100;&#1103; &#1087;&#1086; &#1084;&#1072;&#1090;&#1077;&#1088;&#1080;&#1072;&#1083;&#1072;&#1084; &#1095;&#1072;&#1089;&#1090;&#1085;&#1099;&#1093; &#1082;&#1086;&#1083;&#1083;&#1077;&#1082;&#1094;&#1080;&#1080; &#1040;.&#1042;. &#1052;&#1080;&#1096;&#1077;&#1085;&#1100;&#1082;&#1080;&#1085;&#1072; &#1080; &#1070;.&#1042;. &#1057;&#1084;&#1099;&#1082;&#1086;&#1074;&#1072;, &#1087;&#1088;&#1077;&#1076;&#1089;&#1090;&#1072;&#1074;&#1083;&#1077;&#1085;&#1085;&#1099;&#1093; &#1074; &#1064;&#1072;&#1073;&#1072;&#1085;&#1086;&#1074;&#1089;&#1082;&#1086;&#1084; &#1085;&#1072;&#1088;&#1086;&#1076;&#1085;&#1086;&#1084; &#1084;&#1091;&#1079;&#1077;&#1077; : &#1082;&#1072;&#1090;&#1072;&#1083;&#1086;&#1075; &#1074;&#1099;&#1089;&#1090;&#1072;&#1074;&#1082;&#1080; /</subfield>
<subfield code="c">&#1072;&#1074;&#1090;&#1086;&#1088;-&#1089;&#1086;&#1089;&#1090;&#1072;&#1074;&#1080;&#1090;&#1077;&#1083;&#1100; &#1048;.&#1051;. &#1048;&#1079;&#1084;&#1072;&#1081;&#1083;&#1086;&#1074; ; &#1093;&#1091;&#1076;&#1086;&#1078;&#1085;&#1080;&#1082; &#1042;.&#1052;. &#1041;&#1083;&#1086;&#1093;&#1080;&#1085; ; &#1088;&#1077;&#1082;&#1086;&#1085;&#1089;&#1090;&#1088;&#1091;&#1082;&#1094;&#1080;&#1080; &#1089;&#1082;&#1091;&#1083;&#1100;&#1087;&#1090;&#1086;&#1088; &#1040;.&#1048;. &#1041;&#1086;&#1095;&#1082;&#1072;&#1088;&#1105;&#1074;.</subfield>
</datafield>
<datafield tag="880" ind1=" " ind2="1">
<subfield code="6">264-03/</subfield>
<subfield code="a">&#1050;&#1072;&#1079;&#1072;&#1085;&#1100; :</subfield>
<subfield code="b">&#1058;&#1072;&#1090;&#1072;&#1088;&#1089;&#1082;&#1086;&#1077; &#1082;&#1085;&#1080;&#1078;&#1085;&#1086;&#1077; &#1080;&#1079;&#1076;&#1072;&#1090;&#1077;&#1083;&#1100;&#1089;&#1090;&#1074;&#1086;,</subfield>
<subfield code="c">2016.</subfield>
</datafield>
<datafield tag="880" ind1=" " ind2=" ">
<subfield code="6">500-04/</subfield>
<subfield code="a">At head of title: &#1043;&#1086;&#1089;&#1091;&#1076;&#1072;&#1088;&#1089;&#1090;&#1074;&#1077;&#1085;&#1085;&#1099;&#1081; &#1080;&#1089;&#1090;&#1086;&#1088;&#1080;&#1082;&#1086;-&#1072;&#1088;&#1093;&#1080;&#1090;&#1077;&#1082;&#1090;&#1091;&#1088;&#1085;&#1099;&#1081; &#1080; &#1093;&#1091;&#1076;&#1086;&#1078;&#1077;&#1089;&#1090;&#1074;&#1077;&#1085;&#1085;&#1099;&#1081; &#1084;&#1091;&#1079;&#1077;&#1081;-&#1079;&#1072;&#1087;&#1086;&#1074;&#1077;&#1076;&#1085;&#1080;&#1082; "&#1050;&#1072;&#1079;&#1072;&#1085;&#1089;&#1082;&#1080;&#1081; &#1050;&#1088;&#1077;&#1084;&#1083;&#1100;".</subfield>
</datafield>
<datafield tag="880" ind1="1" ind2="4">
<subfield code="6">600-05/</subfield>
<subfield code="a">&#1041;&#1083;&#1086;&#1093;&#1080;&#1085;, &#1042;&#1072;&#1083;&#1077;&#1088;&#1080;&#1081;,</subfield>
<subfield code="d">1964-</subfield>
<subfield code="v">Exhibitions.</subfield>
</datafield>
<datafield tag="880" ind1="1" ind2="4">
<subfield code="6">600-06/</subfield>
<subfield code="a">&#1041;&#1086;&#1095;&#1082;&#1072;&#1088;&#1077;&#1074;, &#1040;. &#1048;.</subfield>
<subfield code="q">(&#1040;&#1083;&#1077;&#1082;&#1089;&#1072;&#1085;&#1076;&#1088; &#1048;.)</subfield>
<subfield code="c">(Sculptor)</subfield>
<subfield code="v">Exhibitions.</subfield>
</datafield>
<datafield tag="880" ind1="1" ind2="4">
<subfield code="6">600-07/</subfield>
<subfield code="a">&#1052;&#1080;&#1096;&#1077;&#1085;&#1100;&#1082;&#1080;&#1085;, &#1040;. &#1042;.</subfield>
<subfield code="q">(&#1040;&#1085;&#1076;&#1088;&#1077;&#1081; &#1042;.)</subfield>
<subfield code="x">Art collections</subfield>
<subfield code="v">Exhibitions.</subfield>
</datafield>
<datafield tag="880" ind1="1" ind2="4">
<subfield code="6">600-08/</subfield>
<subfield code="a">&#1057;&#1084;&#1099;&#1082;&#1086;&#1074;, &#1070;. &#1042;.</subfield>
<subfield code="q">(&#1070;&#1088;&#1080;&#1081; &#1042;.)</subfield>
<subfield code="x">Art collections</subfield>
<subfield code="v">Exhibitions.</subfield>
</datafield>
<datafield tag="880" ind1="1" ind2=" ">
<subfield code="6">700-09/</subfield>
<subfield code="a">&#1057;&#1084;&#1099;&#1082;&#1086;&#1074;, &#1070;. &#1042;.</subfield>
<subfield code="q">(&#1070;&#1088;&#1080;&#1081; &#1042;.), e collector.</subfield>
</datafield>
<datafield tag="880" ind1="1" ind2=" ">
<subfield code="6">700-10/</subfield>
<subfield code="a">&#1052;&#1080;&#1096;&#1077;&#1085;&#1100;&#1082;&#1080;&#1085;, &#1040;. &#1042;.</subfield>
<subfield code="q">(&#1040;&#1085;&#1076;&#1088;&#1077;&#1081; &#1042;.),</subfield>
<subfield code="e">collector.</subfield>
</datafield>
<datafield tag="880" ind1="1" ind2="2">
<subfield code="6">700-11/</subfield>
<subfield code="a">&#1041;&#1086;&#1095;&#1082;&#1072;&#1088;&#1077;&#1074;, &#1040;. &#1048;.</subfield>
<subfield code="q">(&#1040;&#1083;&#1077;&#1082;&#1089;&#1072;&#1085;&#1076;&#1088; &#1048;.)</subfield>
<subfield code="c">(Sculptor).</subfield>
<subfield code="t">Sculpture.</subfield>
<subfield code="k">Selections.</subfield>
<subfield code="f">2016.</subfield>
</datafield>
<datafield tag="880" ind1="1" ind2="2">
<subfield code="6">700-12/</subfield>
<subfield code="a">&#1041;&#1083;&#1086;&#1093;&#1080;&#1085;, &#1042;&#1072;&#1083;&#1077;&#1088;&#1080;&#1081;,</subfield>
<subfield code="d">1964-</subfield>
<subfield code="t">Works.</subfield>
<subfield code="k">Selections.</subfield>
<subfield code="f">2016.</subfield>
</datafield>
<datafield tag="880" ind1="2" ind2=" ">
<subfield code="6">710-13/</subfield>
<subfield code="a">&#1064;&#1072;&#1073;&#1072;&#1085;&#1086;&#1074;&#1089;&#1082;&#1080;&#1081; &#1085;&#1072;&#1088;&#1086;&#1076;&#1085;&#1099;&#1081; &#1084;&#1091;&#1079;&#1077;&#1081;,</subfield>
<subfield code="e">owner.</subfield>
</datafield>
<datafield tag="880" ind1="2" ind2=" ">
<subfield code="6">710-14/</subfield>
<subfield code="a">&#1043;&#1086;&#1089;&#1091;&#1076;&#1072;&#1088;&#1089;&#1090;&#1074;&#1077;&#1085;&#1085;&#1099;&#1081; &#1080;&#1089;&#1090;&#1086;&#1088;&#1080;&#1082;&#1086;-&#1072;&#1088;&#1093;&#1080;&#1090;&#1077;&#1082;&#1090;&#1091;&#1088;&#1085;&#1099;&#1081; &#1080; &#1093;&#1091;&#1076;&#1086;&#1078;&#1077;&#1089;&#1090;&#1074;&#1077;&#1085;&#1085;&#1099;&#1081; &#1084;&#1091;&#1079;&#1077;&#1081;-&#1079;&#1072;&#1087;&#1086;&#1074;&#1077;&#1076;&#1085;&#1080;&#1082; "&#1050;&#1072;&#1079;&#1072;&#1085;&#1089;&#1082;&#1080;&#1081; &#1050;&#1088;&#1077;&#1084;&#1083;&#1100;",</subfield>
<subfield code="e">host institution.</subfield>
</datafield>
<datafield tag="OWN" ind1=" " ind2=" ">
<subfield code="a">GENERAL</subfield>
</datafield>
<datafield tag="AVA" ind1=" " ind2=" ">
<subfield code="a">NYU50</subfield>
<subfield code="b">NISAW</subfield>
<subfield code="c">Large Collection</subfield>
<subfield code="d">U820.R9 I95 2016 Non-circulating</subfield>
<subfield code="e">available</subfield>
<subfield code="t">Available</subfield>
<subfield code="f">1</subfield>
<subfield code="g">0</subfield>
<subfield code="h">N</subfield>
<subfield code="i">0</subfield>
<subfield code="j">LARGE</subfield>
<subfield code="k">0</subfield>
</datafield>
</record>