<record xmlns="http://www.loc.gov/MARC21/slim" xmlns:xsi="http://www.w3.org/2001/XMLSchema-instance" xsi:schemaLocation="http://www.loc.gov/MARC21/slim http://www.loc.gov/standards/marcxml/schema/MARC21slim.xsd">
<leader>00000nam a22      a 4500</leader>
<controlfield tag="FMT">BK</controlfield>
<controlfield tag="LDR">00000nam a22      a 4500</controlfield>
<controlfield tag="001">006204764</controlfield>
<controlfield tag="005">20180727105033.0</controlfield>
<controlfield tag="008">180607s2003                  000   eng d</controlfield>
<datafield tag="245" ind1=" " ind2="0">
<subfield code="a">test</subfield>
</datafield>
<datafield tag="500" ind1=" " ind2=" ">
<subfield code="a">Test object for ISAW Library RFID security gate</subfield>
</datafield>
<datafield tag="500" ind1=" " ind2=" ">
<subfield code="a">Do not delete or overlay record</subfield>
</datafield>
<datafield tag="OWN" ind1=" " ind2=" ">
<subfield code="a">GENERAL</subfield>
</datafield>
<datafield tag="STA" ind1=" " ind2=" ">
<subfield code="a">SUPPRESSED</subfield>
</datafield>
<datafield tag="AVA" ind1=" " ind2=" ">
<subfield code="a">NYU50</subfield>
<subfield code="b">NISAW</subfield>
<subfield code="c">Small Collection</subfield>
<subfield code="d">test item Non-circulating</subfield>
<subfield code="e">available</subfield>
<subfield code="t">Available</subfield>
<subfield code="f">1</subfield>
<subfield code="g">0</subfield>
<subfield code="h">N</subfield>
<subfield code="i">0</subfield>
<subfield code="j">SMALL</subfield>
<subfield code="k">8</subfield>
</datafield>
</record></collection>
